1608605473905,91282CAX9,1,MARKET,BUY,98-317,1000000,1000000
1608605473906,912810SS8,7,MARKET,BUY,99-005,1000000,1000000
1608605473907,912810ST6,13,MARKET,BUY,99-013,1000000,1000000
1608605473908,91282CAV3,19,MARKET,BUY,99-021,1000000,1000000
1608605473909,91282CAY7,25,MARKET,BUY,99-027,1000000,1000000
1608605473910,91282CAZ4,31,MARKET,BUY,99-035,1000000,1000000
1608605473912,91282CBA80,37,MARKET,BUY,99-043,1000000,1000000
1608605473913,91282CAX9,43,MARKET,BUY,99-051,1000000,1000000
1608605473914,912810SS8,49,MARKET,BUY,99-057,1000000,1000000
1608605473914,912810ST6,55,MARKET,BUY,99-065,1000000,1000000
1608605473915,91282CAV3,61,MARKET,BUY,99-073,1000000,1000000
1608605473916,91282CAY7,67,MARKET,BUY,99-081,1000000,1000000
1608605473917,91282CAZ4,73,MARKET,BUY,99-087,1000000,1000000
1608605473918,91282CBA80,79,MARKET,BUY,99-095,1000000,1000000
1608605473919,91282CAX9,85,MARKET,BUY,99-103,1000000,1000000
1608605473920,912810SS8,91,MARKET,BUY,99-111,1000000,1000000
1608605473920,912810ST6,97,MARKET,BUY,99-117,1000000,1000000
1608605473921,91282CAV3,103,MARKET,BUY,99-125,1000000,1000000
1608605473922,91282CAY7,109,MARKET,BUY,99-133,1000000,1000000
1608605473922,91282CAZ4,115,MARKET,BUY,99-141,1000000,1000000
1608605473923,91282CBA80,121,MARKET,BUY,99-147,1000000,1000000
1608605473924,91282CAX9,127,MARKET,BUY,99-155,1000000,1000000
1608605473925,912810SS8,133,MARKET,BUY,99-163,1000000,1000000
1608605473926,912810ST6,139,MARKET,BUY,99-171,1000000,1000000
1608605473927,91282CAV3,145,MARKET,BUY,99-177,1000000,1000000
1608605473928,91282CAY7,151,MARKET,BUY,99-185,1000000,1000000
1608605473928,91282CAZ4,157,MARKET,BUY,99-193,1000000,1000000
1608605473928,91282CBA80,163,MARKET,BUY,99-201,1000000,1000000
1608605473929,91282CAX9,169,MARKET,BUY,99-207,1000000,1000000
1608605473929,912810SS8,175,MARKET,BUY,99-215,1000000,1000000
1608605473930,912810ST6,181,MARKET,BUY,99-223,1000000,1000000
1608605473930,91282CAV3,187,MARKET,BUY,99-231,1000000,1000000
1608605473930,91282CAY7,193,MARKET,BUY,99-237,1000000,1000000
1608605473931,91282CAZ4,199,MARKET,BUY,99-245,1000000,1000000
1608605473931,91282CBA80,205,MARKET,BUY,99-253,1000000,1000000
1608605473932,91282CAX9,211,MARKET,BUY,99-261,1000000,1000000
1608605473932,912810SS8,217,MARKET,BUY,99-267,1000000,1000000
1608605473933,912810ST6,223,MARKET,BUY,99-275,1000000,1000000
1608605473933,91282CAV3,229,MARKET,BUY,99-283,1000000,1000000
1608605473933,91282CAY7,235,MARKET,BUY,99-291,1000000,1000000
1608605473934,91282CAZ4,241,MARKET,BUY,99-297,1000000,1000000
1608605473934,91282CBA80,247,MARKET,BUY,99-305,1000000,1000000
1608605473935,91282CAX9,253,MARKET,BUY,99-313,1000000,1000000
1608605473935,912810SS8,259,MARKET,BUY,100-001,1000000,1000000
1608605473935,912810ST6,265,MARKET,BUY,100-007,1000000,1000000
1608605473936,91282CAV3,271,MARKET,BUY,100-015,1000000,1000000
1608605473936,91282CAY7,277,MARKET,BUY,100-023,1000000,1000000
1608605473937,91282CAZ4,283,MARKET,BUY,100-031,1000000,1000000
1608605473937,91282CBA80,289,MARKET,BUY,100-037,1000000,1000000
1608605473938,91282CAX9,295,MARKET,BUY,100-045,1000000,1000000
1608605473938,912810SS8,301,MARKET,BUY,100-053,1000000,1000000
1608605473939,912810ST6,307,MARKET,BUY,100-061,1000000,1000000
1608605473940,91282CAV3,313,MARKET,BUY,100-067,1000000,1000000
1608605473940,91282CAY7,319,MARKET,BUY,100-075,1000000,1000000
1608605473941,91282CAZ4,325,MARKET,BUY,100-083,1000000,1000000
1608605473941,91282CBA80,331,MARKET,BUY,100-091,1000000,1000000
1608605473942,91282CAX9,337,MARKET,BUY,100-097,1000000,1000000
1608605473943,912810SS8,343,MARKET,BUY,100-105,1000000,1000000
1608605473944,912810ST6,349,MARKET,BUY,100-113,1000000,1000000
1608605473945,91282CAV3,355,MARKET,BUY,100-121,1000000,1000000
1608605473946,91282CAY7,361,MARKET,BUY,100-127,1000000,1000000
1608605473946,91282CAZ4,367,MARKET,BUY,100-135,1000000,1000000
1608605473947,91282CBA80,373,MARKET,BUY,100-143,1000000,1000000
1608605473947,91282CAX9,379,MARKET,BUY,100-151,1000000,1000000
1608605473948,912810SS8,385,MARKET,BUY,100-157,1000000,1000000
1608605473948,912810ST6,391,MARKET,BUY,100-165,1000000,1000000
1608605473949,91282CAV3,397,MARKET,BUY,100-173,1000000,1000000
1608605473949,91282CAY7,403,MARKET,BUY,100-181,1000000,1000000
1608605473949,91282CAZ4,409,MARKET,BUY,100-187,1000000,1000000
1608605473950,91282CBA80,415,MARKET,BUY,100-195,1000000,1000000
1608605473950,91282CAX9,421,MARKET,BUY,100-203,1000000,1000000
1608605473951,912810SS8,427,MARKET,BUY,100-211,1000000,1000000
1608605473951,912810ST6,433,MARKET,BUY,100-217,1000000,1000000
1608605473952,91282CAV3,439,MARKET,BUY,100-225,1000000,1000000
1608605473952,91282CAY7,445,MARKET,BUY,100-233,1000000,1000000
1608605473952,91282CAZ4,451,MARKET,BUY,100-241,1000000,1000000
1608605473953,91282CBA80,457,MARKET,BUY,100-247,1000000,1000000
1608605473953,91282CAX9,463,MARKET,BUY,100-255,1000000,1000000
1608605473954,912810SS8,469,MARKET,BUY,100-263,1000000,1000000
1608605473954,912810ST6,475,MARKET,BUY,100-271,1000000,1000000
1608605473955,91282CAV3,481,MARKET,BUY,100-277,1000000,1000000
1608605473955,91282CAY7,487,MARKET,BUY,100-285,1000000,1000000
1608605473956,91282CAZ4,493,MARKET,BUY,100-293,1000000,1000000
1608605473957,91282CBA80,499,MARKET,BUY,100-301,1000000,1000000
1608605473957,91282CAX9,505,MARKET,BUY,100-307,1000000,1000000
1608605473958,912810SS8,511,MARKET,BUY,100-315,1000000,1000000
1608605473958,912810ST6,517,MARKET,BUY,100-313,1000000,1000000
1608605473959,91282CAV3,523,MARKET,BUY,100-305,1000000,1000000
1608605473959,91282CAY7,529,MARKET,BUY,100-297,1000000,1000000
1608605473960,91282CAZ4,535,MARKET,BUY,100-291,1000000,1000000
1608605473960,91282CBA80,541,MARKET,BUY,100-283,1000000,1000000
1608605473961,91282CAX9,547,MARKET,BUY,100-275,1000000,1000000
1608605473961,912810SS8,553,MARKET,BUY,100-267,1000000,1000000
1608605473962,912810ST6,559,MARKET,BUY,100-261,1000000,1000000
1608605473962,91282CAV3,565,MARKET,BUY,100-253,1000000,1000000
1608605473963,91282CAY7,571,MARKET,BUY,100-245,1000000,1000000
1608605473963,91282CAZ4,577,MARKET,BUY,100-237,1000000,1000000
1608605473963,91282CBA80,583,MARKET,BUY,100-231,1000000,1000000
1608605473964,91282CAX9,589,MARKET,BUY,100-223,1000000,1000000
1608605473964,912810SS8,595,MARKET,BUY,100-215,1000000,1000000
1608605473965,912810ST6,601,MARKET,BUY,100-207,1000000,1000000
1608605473965,91282CAV3,607,MARKET,BUY,100-201,1000000,1000000
1608605473965,91282CAY7,613,MARKET,BUY,100-193,1000000,1000000
1608605473966,91282CAZ4,619,MARKET,BUY,100-185,1000000,1000000
1608605473966,91282CBA80,625,MARKET,BUY,100-177,1000000,1000000
1608605473967,91282CAX9,631,MARKET,BUY,100-171,1000000,1000000
1608605473967,912810SS8,637,MARKET,BUY,100-163,1000000,1000000
1608605473967,912810ST6,643,MARKET,BUY,100-155,1000000,1000000
1608605473968,91282CAV3,649,MARKET,BUY,100-147,1000000,1000000
1608605473969,91282CAY7,655,MARKET,BUY,100-141,1000000,1000000
1608605473969,91282CAZ4,661,MARKET,BUY,100-133,1000000,1000000
1608605473969,91282CBA80,667,MARKET,BUY,100-125,1000000,1000000
1608605473970,91282CAX9,673,MARKET,BUY,100-117,1000000,1000000
1608605473970,912810SS8,679,MARKET,BUY,100-111,1000000,1000000
1608605473971,912810ST6,685,MARKET,BUY,100-103,1000000,1000000
1608605473971,91282CAV3,691,MARKET,BUY,100-095,1000000,1000000
1608605473972,91282CAY7,697,MARKET,BUY,100-087,1000000,1000000
1608605473972,91282CAZ4,703,MARKET,BUY,100-081,1000000,1000000
1608605473973,91282CBA80,709,MARKET,BUY,100-073,1000000,1000000
1608605473973,91282CAX9,715,MARKET,BUY,100-065,1000000,1000000
1608605473974,912810SS8,721,MARKET,BUY,100-057,1000000,1000000
1608605473974,912810ST6,727,MARKET,BUY,100-051,1000000,1000000
1608605473975,91282CAV3,733,MARKET,BUY,100-043,1000000,1000000
1608605473975,91282CAY7,739,MARKET,BUY,100-035,1000000,1000000
1608605473975,91282CAZ4,745,MARKET,BUY,100-027,1000000,1000000
1608605473976,91282CBA80,751,MARKET,BUY,100-021,1000000,1000000
1608605473976,91282CAX9,757,MARKET,BUY,100-013,1000000,1000000
1608605473977,912810SS8,763,MARKET,BUY,100-005,1000000,1000000
1608605473977,912810ST6,769,MARKET,BUY,99-317,1000000,1000000
1608605473978,91282CAV3,775,MARKET,BUY,99-311,1000000,1000000
1608605473978,91282CAY7,781,MARKET,BUY,99-303,1000000,1000000
1608605473978,91282CAZ4,787,MARKET,BUY,99-295,1000000,1000000
1608605473979,91282CBA80,793,MARKET,BUY,99-287,1000000,1000000
1608605473979,91282CAX9,799,MARKET,BUY,99-281,1000000,1000000
1608605473980,912810SS8,805,MARKET,BUY,99-273,1000000,1000000
1608605473980,912810ST6,811,MARKET,BUY,99-265,1000000,1000000
1608605473980,91282CAV3,817,MARKET,BUY,99-257,1000000,1000000
1608605473981,91282CAY7,823,MARKET,BUY,99-251,1000000,1000000
1608605473981,91282CAZ4,829,MARKET,BUY,99-243,1000000,1000000
1608605473982,91282CBA80,835,MARKET,BUY,99-235,1000000,1000000
1608605473982,91282CAX9,841,MARKET,BUY,99-227,1000000,1000000
1608605473983,912810SS8,847,MARKET,BUY,99-221,1000000,1000000
1608605473983,912810ST6,853,MARKET,BUY,99-213,1000000,1000000
1608605473984,91282CAV3,859,MARKET,BUY,99-205,1000000,1000000
1608605473984,91282CAY7,865,MARKET,BUY,99-197,1000000,1000000
1608605473985,91282CAZ4,871,MARKET,BUY,99-191,1000000,1000000
1608605473985,91282CBA80,877,MARKET,BUY,99-183,1000000,1000000
1608605473986,91282CAX9,883,MARKET,BUY,99-175,1000000,1000000
1608605473987,912810SS8,889,MARKET,BUY,99-167,1000000,1000000
1608605473987,912810ST6,895,MARKET,BUY,99-161,1000000,1000000
1608605473988,91282CAV3,901,MARKET,BUY,99-153,1000000,1000000
1608605473989,91282CAY7,907,MARKET,BUY,99-145,1000000,1000000
1608605473989,91282CAZ4,913,MARKET,BUY,99-137,1000000,1000000
1608605473990,91282CBA80,919,MARKET,BUY,99-131,1000000,1000000
1608605473991,91282CAX9,925,MARKET,BUY,99-123,1000000,1000000
1608605473992,912810SS8,931,MARKET,BUY,99-115,1000000,1000000
1608605473993,912810ST6,937,MARKET,BUY,99-107,1000000,1000000
1608605473994,91282CAV3,943,MARKET,BUY,99-101,1000000,1000000
1608605473994,91282CAY7,949,MARKET,BUY,99-093,1000000,1000000
1608605473995,91282CAZ4,955,MARKET,BUY,99-085,1000000,1000000
1608605473995,91282CBA80,961,MARKET,BUY,99-077,1000000,1000000
1608605473995,91282CAX9,967,MARKET,BUY,99-071,1000000,1000000
1608605473996,912810SS8,973,MARKET,BUY,99-063,1000000,1000000
1608605473996,912810ST6,979,MARKET,BUY,99-055,1000000,1000000
1608605473997,91282CAV3,985,MARKET,BUY,99-047,1000000,1000000
1608605473997,91282CAY7,991,MARKET,BUY,99-041,1000000,1000000
1608605473997,91282CAZ4,997,MARKET,BUY,99-033,1000000,1000000
1608605473998,91282CBA80,1003,MARKET,BUY,99-025,1000000,1000000
1608605473998,91282CAX9,1009,MARKET,BUY,99-017,1000000,1000000
1608605473999,912810SS8,1015,MARKET,BUY,99-011,1000000,1000000
1608605473999,912810ST6,1021,MARKET,BUY,99-003,1000000,1000000
1608605474000,91282CAV3,1027,MARKET,BUY,99-001,1000000,1000000
1608605474000,91282CAY7,1033,MARKET,BUY,99-007,1000000,1000000
1608605474000,91282CAZ4,1039,MARKET,BUY,99-015,1000000,1000000
1608605474001,91282CBA80,1045,MARKET,BUY,99-023,1000000,1000000
1608605474001,91282CAX9,1051,MARKET,BUY,99-031,1000000,1000000
1608605474002,912810SS8,1057,MARKET,BUY,99-037,1000000,1000000
1608605474002,912810ST6,1063,MARKET,BUY,99-045,1000000,1000000
1608605474002,91282CAV3,1069,MARKET,BUY,99-053,1000000,1000000
1608605474003,91282CAY7,1075,MARKET,BUY,99-061,1000000,1000000
1608605474003,91282CAZ4,1081,MARKET,BUY,99-067,1000000,1000000
1608605474004,91282CBA80,1087,MARKET,BUY,99-075,1000000,1000000
1608605474004,91282CAX9,1093,MARKET,BUY,99-083,1000000,1000000
1608605474004,912810SS8,1099,MARKET,BUY,99-091,1000000,1000000
1608605474005,912810ST6,1105,MARKET,BUY,99-097,1000000,1000000
1608605474005,91282CAV3,1111,MARKET,BUY,99-105,1000000,1000000
1608605474006,91282CAY7,1117,MARKET,BUY,99-113,1000000,1000000
1608605474006,91282CAZ4,1123,MARKET,BUY,99-121,1000000,1000000
1608605474006,91282CBA80,1129,MARKET,BUY,99-127,1000000,1000000
1608605474007,91282CAX9,1135,MARKET,BUY,99-135,1000000,1000000
1608605474007,912810SS8,1141,MARKET,BUY,99-143,1000000,1000000
1608605474008,912810ST6,1147,MARKET,BUY,99-151,1000000,1000000
1608605474008,91282CAV3,1153,MARKET,BUY,99-157,1000000,1000000
1608605474008,91282CAY7,1159,MARKET,BUY,99-165,1000000,1000000
1608605474009,91282CAZ4,1165,MARKET,BUY,99-173,1000000,1000000
1608605474009,91282CBA80,1171,MARKET,BUY,99-181,1000000,1000000
1608605474010,91282CAX9,1177,MARKET,BUY,99-187,1000000,1000000
1608605474010,912810SS8,1183,MARKET,BUY,99-195,1000000,1000000
1608605474011,912810ST6,1189,MARKET,BUY,99-203,1000000,1000000
1608605474011,91282CAV3,1195,MARKET,BUY,99-211,1000000,1000000
1608605474012,91282CAY7,1201,MARKET,BUY,99-217,1000000,1000000
1608605474012,91282CAZ4,1207,MARKET,BUY,99-225,1000000,1000000
1608605474012,91282CBA80,1213,MARKET,BUY,99-233,1000000,1000000
1608605474013,91282CAX9,1219,MARKET,BUY,99-241,1000000,1000000
1608605474013,912810SS8,1225,MARKET,BUY,99-247,1000000,1000000
1608605474014,912810ST6,1231,MARKET,BUY,99-255,1000000,1000000
1608605474014,91282CAV3,1237,MARKET,BUY,99-263,1000000,1000000
1608605474015,91282CAY7,1243,MARKET,BUY,99-271,1000000,1000000
1608605474015,91282CAZ4,1249,MARKET,BUY,99-277,1000000,1000000
1608605474015,91282CBA80,1255,MARKET,BUY,99-285,1000000,1000000
1608605474016,91282CAX9,1261,MARKET,BUY,99-293,1000000,1000000
1608605474016,912810SS8,1267,MARKET,BUY,99-301,1000000,1000000
1608605474017,912810ST6,1273,MARKET,BUY,99-307,1000000,1000000
1608605474017,91282CAV3,1279,MARKET,BUY,99-315,1000000,1000000
1608605474017,91282CAY7,1285,MARKET,BUY,100-003,1000000,1000000
1608605474018,91282CAZ4,1291,MARKET,BUY,100-011,1000000,1000000
1608605474018,91282CBA80,1297,MARKET,BUY,100-017,1000000,1000000
1608605474019,91282CAX9,1303,MARKET,BUY,100-025,1000000,1000000
1608605474019,912810SS8,1309,MARKET,BUY,100-033,1000000,1000000
1608605474019,912810ST6,1315,MARKET,BUY,100-041,1000000,1000000
1608605474020,91282CAV3,1321,MARKET,BUY,100-047,1000000,1000000
1608605474020,91282CAY7,1327,MARKET,BUY,100-055,1000000,1000000
1608605474021,91282CAZ4,1333,MARKET,BUY,100-063,1000000,1000000
1608605474021,91282CBA80,1339,MARKET,BUY,100-071,1000000,1000000
1608605474022,91282CAX9,1345,MARKET,BUY,100-077,1000000,1000000
1608605474023,912810SS8,1351,MARKET,BUY,100-085,1000000,1000000
1608605474024,912810ST6,1357,MARKET,BUY,100-093,1000000,1000000
1608605474025,91282CAV3,1363,MARKET,BUY,100-101,1000000,1000000
1608605474026,91282CAY7,1369,MARKET,BUY,100-107,1000000,1000000
1608605474027,91282CAZ4,1375,MARKET,BUY,100-115,1000000,1000000
1608605474028,91282CBA80,1381,MARKET,BUY,100-123,1000000,1000000
1608605474029,91282CAX9,1387,MARKET,BUY,100-131,1000000,1000000
1608605474029,912810SS8,1393,MARKET,BUY,100-137,1000000,1000000
1608605474030,912810ST6,1399,MARKET,BUY,100-145,1000000,1000000
1608605474031,91282CAV3,1405,MARKET,BUY,100-153,1000000,1000000
1608605474032,91282CAY7,1411,MARKET,BUY,100-161,1000000,1000000
1608605474033,91282CAZ4,1417,MARKET,BUY,100-167,1000000,1000000
1608605474034,91282CBA80,1423,MARKET,BUY,100-175,1000000,1000000
1608605474035,91282CAX9,1429,MARKET,BUY,100-183,1000000,1000000
1608605474036,912810SS8,1435,MARKET,BUY,100-191,1000000,1000000
1608605474037,912810ST6,1441,MARKET,BUY,100-197,1000000,1000000
1608605474038,91282CAV3,1447,MARKET,BUY,100-205,1000000,1000000
1608605474039,91282CAY7,1453,MARKET,BUY,100-213,1000000,1000000
1608605474040,91282CAZ4,1459,MARKET,BUY,100-221,1000000,1000000
1608605474041,91282CBA80,1465,MARKET,BUY,100-227,1000000,1000000
1608605474042,91282CAX9,1471,MARKET,BUY,100-235,1000000,1000000
1608605474042,912810SS8,1477,MARKET,BUY,100-243,1000000,1000000
1608605474043,912810ST6,1483,MARKET,BUY,100-251,1000000,1000000
1608605474045,91282CAV3,1489,MARKET,BUY,100-257,1000000,1000000
1608605474046,91282CAY7,1495,MARKET,BUY,100-265,1000000,1000000
1608605474047,91282CAZ4,1501,MARKET,BUY,100-273,1000000,1000000
1608605474048,91282CBA80,1507,MARKET,BUY,100-281,1000000,1000000
1608605474049,91282CAX9,1513,MARKET,BUY,100-287,1000000,1000000
1608605474050,912810SS8,1519,MARKET,BUY,100-295,1000000,1000000
1608605474051,912810ST6,1525,MARKET,BUY,100-303,1000000,1000000
1608605474052,91282CAV3,1531,MARKET,BUY,100-311,1000000,1000000
1608605474053,91282CAY7,1537,MARKET,BUY,100-317,1000000,1000000
1608605474054,91282CAZ4,1543,MARKET,BUY,100-311,1000000,1000000
1608605474056,91282CBA80,1549,MARKET,BUY,100-303,1000000,1000000
1608605474056,91282CAX9,1555,MARKET,BUY,100-295,1000000,1000000
1608605474057,912810SS8,1561,MARKET,BUY,100-287,1000000,1000000
1608605474059,912810ST6,1567,MARKET,BUY,100-281,1000000,1000000
1608605474060,91282CAV3,1573,MARKET,BUY,100-273,1000000,1000000
1608605474064,91282CAY7,1579,MARKET,BUY,100-265,1000000,1000000
1608605474065,91282CAZ4,1585,MARKET,BUY,100-257,1000000,1000000
1608605474066,91282CBA80,1591,MARKET,BUY,100-251,1000000,1000000
1608605474067,91282CAX9,1597,MARKET,BUY,100-243,1000000,1000000
1608605474067,912810SS8,1603,MARKET,BUY,100-235,1000000,1000000
1608605474068,912810ST6,1609,MARKET,BUY,100-227,1000000,1000000
1608605474069,91282CAV3,1615,MARKET,BUY,100-221,1000000,1000000
1608605474070,91282CAY7,1621,MARKET,BUY,100-213,1000000,1000000
1608605474071,91282CAZ4,1627,MARKET,BUY,100-205,1000000,1000000
1608605474072,91282CBA80,1633,MARKET,BUY,100-197,1000000,1000000
1608605474073,91282CAX9,1639,MARKET,BUY,100-191,1000000,1000000
1608605474074,912810SS8,1645,MARKET,BUY,100-183,1000000,1000000
1608605474076,912810ST6,1651,MARKET,BUY,100-175,1000000,1000000
1608605474078,91282CAV3,1657,MARKET,BUY,100-167,1000000,1000000
1608605474079,91282CAY7,1663,MARKET,BUY,100-161,1000000,1000000
1608605474080,91282CAZ4,1669,MARKET,BUY,100-153,1000000,1000000
1608605474080,91282CBA80,1675,MARKET,BUY,100-145,1000000,1000000
1608605474081,91282CAX9,1681,MARKET,BUY,100-137,1000000,1000000
1608605474082,912810SS8,1687,MARKET,BUY,100-131,1000000,1000000
1608605474083,912810ST6,1693,MARKET,BUY,100-123,1000000,1000000
1608605474084,91282CAV3,1699,MARKET,BUY,100-115,1000000,1000000
1608605474085,91282CAY7,1705,MARKET,BUY,100-107,1000000,1000000
1608605474086,91282CAZ4,1711,MARKET,BUY,100-101,1000000,1000000
1608605474087,91282CBA80,1717,MARKET,BUY,100-093,1000000,1000000
1608605474088,91282CAX9,1723,MARKET,BUY,100-085,1000000,1000000
1608605474089,912810SS8,1729,MARKET,BUY,100-077,1000000,1000000
1608605474090,912810ST6,1735,MARKET,BUY,100-071,1000000,1000000
1608605474090,91282CAV3,1741,MARKET,BUY,100-063,1000000,1000000
1608605474092,91282CAY7,1747,MARKET,BUY,100-055,1000000,1000000
1608605474093,91282CAZ4,1753,MARKET,BUY,100-047,1000000,1000000
1608605474094,91282CBA80,1759,MARKET,BUY,100-041,1000000,1000000
1608605474095,91282CAX9,1765,MARKET,BUY,100-033,1000000,1000000
1608605474096,912810SS8,1771,MARKET,BUY,100-025,1000000,1000000
1608605474097,912810ST6,1777,MARKET,BUY,100-017,1000000,1000000
1608605474098,91282CAV3,1783,MARKET,BUY,100-011,1000000,1000000
1608605474099,91282CAY7,1789,MARKET,BUY,100-003,1000000,1000000
1608605474099,91282CAZ4,1795,MARKET,BUY,99-315,1000000,1000000
1608605474100,91282CBA80,1801,MARKET,BUY,99-307,1000000,1000000
1608605474101,91282CAX9,1807,MARKET,BUY,99-301,1000000,1000000
1608605474102,912810SS8,1813,MARKET,BUY,99-293,1000000,1000000
1608605474103,912810ST6,1819,MARKET,BUY,99-285,1000000,1000000
1608605474104,91282CAV3,1825,MARKET,BUY,99-277,1000000,1000000
1608605474105,91282CAY7,1831,MARKET,BUY,99-271,1000000,1000000
1608605474106,91282CAZ4,1837,MARKET,BUY,99-263,1000000,1000000
1608605474107,91282CBA80,1843,MARKET,BUY,99-255,1000000,1000000
1608605474107,91282CAX9,1849,MARKET,BUY,99-247,1000000,1000000
1608605474108,912810SS8,1855,MARKET,BUY,99-241,1000000,1000000
1608605474109,912810ST6,1861,MARKET,BUY,99-233,1000000,1000000
1608605474110,91282CAV3,1867,MARKET,BUY,99-225,1000000,1000000
1608605474111,91282CAY7,1873,MARKET,BUY,99-217,1000000,1000000
1608605474112,91282CAZ4,1879,MARKET,BUY,99-211,1000000,1000000
1608605474113,91282CBA80,1885,MARKET,BUY,99-203,1000000,1000000
1608605474114,91282CAX9,1891,MARKET,BUY,99-195,1000000,1000000
1608605474115,912810SS8,1897,MARKET,BUY,99-187,1000000,1000000
1608605474116,912810ST6,1903,MARKET,BUY,99-181,1000000,1000000
1608605474117,91282CAV3,1909,MARKET,BUY,99-173,1000000,1000000
1608605474117,91282CAY7,1915,MARKET,BUY,99-165,1000000,1000000
1608605474118,91282CAZ4,1921,MARKET,BUY,99-157,1000000,1000000
1608605474119,91282CBA80,1927,MARKET,BUY,99-151,1000000,1000000
1608605474120,91282CAX9,1933,MARKET,BUY,99-143,1000000,1000000
1608605474121,912810SS8,1939,MARKET,BUY,99-135,1000000,1000000
1608605474121,912810ST6,1945,MARKET,BUY,99-127,1000000,1000000
1608605474122,91282CAV3,1951,MARKET,BUY,99-121,1000000,1000000
1608605474123,91282CAY7,1957,MARKET,BUY,99-113,1000000,1000000
1608605474124,91282CAZ4,1963,MARKET,BUY,99-105,1000000,1000000
1608605474124,91282CBA80,1969,MARKET,BUY,99-097,1000000,1000000
1608605474125,91282CAX9,1975,MARKET,BUY,99-091,1000000,1000000
1608605474126,912810SS8,1981,MARKET,BUY,99-083,1000000,1000000
1608605474127,912810ST6,1987,MARKET,BUY,99-075,1000000,1000000
1608605474127,91282CAV3,1993,MARKET,BUY,99-067,1000000,1000000
1608605474128,91282CAY7,1999,MARKET,BUY,99-061,1000000,1000000
1608605474129,91282CAZ4,2005,MARKET,BUY,99-053,1000000,1000000
1608605474129,91282CBA80,2011,MARKET,BUY,99-045,1000000,1000000
1608605474130,91282CAX9,2017,MARKET,BUY,99-037,1000000,1000000
1608605474131,912810SS8,2023,MARKET,BUY,99-031,1000000,1000000
1608605474132,912810ST6,2029,MARKET,BUY,99-023,1000000,1000000
1608605474132,91282CAV3,2035,MARKET,BUY,99-015,1000000,1000000
1608605474133,91282CAY7,2041,MARKET,BUY,99-007,1000000,1000000
1608605474134,91282CAZ4,2047,MARKET,BUY,99-001,1000000,1000000
1608605474134,91282CBA80,2053,MARKET,BUY,99-003,1000000,1000000
1608605474136,91282CAX9,2059,MARKET,BUY,99-011,1000000,1000000
1608605474137,912810SS8,2065,MARKET,BUY,99-017,1000000,1000000
1608605474138,912810ST6,2071,MARKET,BUY,99-025,1000000,1000000
1608605474139,91282CAV3,2077,MARKET,BUY,99-033,1000000,1000000
1608605474140,91282CAY7,2083,MARKET,BUY,99-041,1000000,1000000
1608605474141,91282CAZ4,2089,MARKET,BUY,99-047,1000000,1000000
1608605474141,91282CBA80,2095,MARKET,BUY,99-055,1000000,1000000
1608605474143,91282CAX9,2101,MARKET,BUY,99-063,1000000,1000000
1608605474144,912810SS8,2107,MARKET,BUY,99-071,1000000,1000000
1608605474145,912810ST6,2113,MARKET,BUY,99-077,1000000,1000000
1608605474145,91282CAV3,2119,MARKET,BUY,99-085,1000000,1000000
1608605474148,91282CAY7,2125,MARKET,BUY,99-093,1000000,1000000
1608605474149,91282CAZ4,2131,MARKET,BUY,99-101,1000000,1000000
1608605474149,91282CBA80,2137,MARKET,BUY,99-107,1000000,1000000
1608605474150,91282CAX9,2143,MARKET,BUY,99-115,1000000,1000000
1608605474150,912810SS8,2149,MARKET,BUY,99-123,1000000,1000000
1608605474151,912810ST6,2155,MARKET,BUY,99-131,1000000,1000000
1608605474152,91282CAV3,2161,MARKET,BUY,99-137,1000000,1000000
1608605474152,91282CAY7,2167,MARKET,BUY,99-145,1000000,1000000
1608605474153,91282CAZ4,2173,MARKET,BUY,99-153,1000000,1000000
1608605474154,91282CBA80,2179,MARKET,BUY,99-161,1000000,1000000
1608605474154,91282CAX9,2185,MARKET,BUY,99-167,1000000,1000000
1608605474155,912810SS8,2191,MARKET,BUY,99-175,1000000,1000000
1608605474156,912810ST6,2197,MARKET,BUY,99-183,1000000,1000000
1608605474157,91282CAV3,2203,MARKET,BUY,99-191,1000000,1000000
1608605474158,91282CAY7,2209,MARKET,BUY,99-197,1000000,1000000
1608605474158,91282CAZ4,2215,MARKET,BUY,99-205,1000000,1000000
1608605474159,91282CBA80,2221,MARKET,BUY,99-213,1000000,1000000
1608605474160,91282CAX9,2227,MARKET,BUY,99-221,1000000,1000000
1608605474160,912810SS8,2233,MARKET,BUY,99-227,1000000,1000000
1608605474161,912810ST6,2239,MARKET,BUY,99-235,1000000,1000000
1608605474162,91282CAV3,2245,MARKET,BUY,99-243,1000000,1000000
1608605474162,91282CAY7,2251,MARKET,BUY,99-251,1000000,1000000
1608605474163,91282CAZ4,2257,MARKET,BUY,99-257,1000000,1000000
1608605474164,91282CBA80,2263,MARKET,BUY,99-265,1000000,1000000
1608605474165,91282CAX9,2269,MARKET,BUY,99-273,1000000,1000000
1608605474166,912810SS8,2275,MARKET,BUY,99-281,1000000,1000000
1608605474166,912810ST6,2281,MARKET,BUY,99-287,1000000,1000000
1608605474167,91282CAV3,2287,MARKET,BUY,99-295,1000000,1000000
1608605474168,91282CAY7,2293,MARKET,BUY,99-303,1000000,1000000
1608605474168,91282CAZ4,2299,MARKET,BUY,99-311,1000000,1000000
1608605474169,91282CBA80,2305,MARKET,BUY,99-317,1000000,1000000
1608605474170,91282CAX9,2311,MARKET,BUY,100-005,1000000,1000000
1608605474171,912810SS8,2317,MARKET,BUY,100-013,1000000,1000000
1608605474172,912810ST6,2323,MARKET,BUY,100-021,1000000,1000000
1608605474172,91282CAV3,2329,MARKET,BUY,100-027,1000000,1000000
1608605474173,91282CAY7,2335,MARKET,BUY,100-035,1000000,1000000
1608605474175,91282CAZ4,2341,MARKET,BUY,100-043,1000000,1000000
1608605474176,91282CBA80,2347,MARKET,BUY,100-051,1000000,1000000
1608605474176,91282CAX9,2353,MARKET,BUY,100-057,1000000,1000000
1608605474177,912810SS8,2359,MARKET,BUY,100-065,1000000,1000000
1608605474178,912810ST6,2365,MARKET,BUY,100-073,1000000,1000000
1608605474179,91282CAV3,2371,MARKET,BUY,100-081,1000000,1000000
1608605474179,91282CAY7,2377,MARKET,BUY,100-087,1000000,1000000
1608605474181,91282CAZ4,2383,MARKET,BUY,100-095,1000000,1000000
1608605474181,91282CBA80,2389,MARKET,BUY,100-103,1000000,1000000
1608605474182,91282CAX9,2395,MARKET,BUY,100-111,1000000,1000000
1608605474183,912810SS8,2401,MARKET,BUY,100-117,1000000,1000000
1608605474184,912810ST6,2407,MARKET,BUY,100-125,1000000,1000000
1608605474184,91282CAV3,2413,MARKET,BUY,100-133,1000000,1000000
1608605474185,91282CAY7,2419,MARKET,BUY,100-141,1000000,1000000
1608605474186,91282CAZ4,2425,MARKET,BUY,100-147,1000000,1000000
1608605474187,91282CBA80,2431,MARKET,BUY,100-155,1000000,1000000
1608605474187,91282CAX9,2437,MARKET,BUY,100-163,1000000,1000000
1608605474188,912810SS8,2443,MARKET,BUY,100-171,1000000,1000000
1608605474189,912810ST6,2449,MARKET,BUY,100-177,1000000,1000000
1608605474190,91282CAV3,2455,MARKET,BUY,100-185,1000000,1000000
1608605474190,91282CAY7,2461,MARKET,BUY,100-193,1000000,1000000
1608605474191,91282CAZ4,2467,MARKET,BUY,100-201,1000000,1000000
1608605474192,91282CBA80,2473,MARKET,BUY,100-207,1000000,1000000
1608605474193,91282CAX9,2479,MARKET,BUY,100-215,1000000,1000000
1608605474193,912810SS8,2485,MARKET,BUY,100-223,1000000,1000000
1608605474194,912810ST6,2491,MARKET,BUY,100-231,1000000,1000000
1608605474195,91282CAV3,2497,MARKET,BUY,100-237,1000000,1000000
1608605474195,91282CAY7,2503,MARKET,BUY,100-245,1000000,1000000
1608605474196,91282CAZ4,2509,MARKET,BUY,100-253,1000000,1000000
1608605474197,91282CBA80,2515,MARKET,BUY,100-261,1000000,1000000
1608605474198,91282CAX9,2521,MARKET,BUY,100-267,1000000,1000000
1608605474199,912810SS8,2527,MARKET,BUY,100-275,1000000,1000000
1608605474199,912810ST6,2533,MARKET,BUY,100-283,1000000,1000000
1608605474200,91282CAV3,2539,MARKET,BUY,100-291,1000000,1000000
1608605474201,91282CAY7,2545,MARKET,BUY,100-297,1000000,1000000
1608605474201,91282CAZ4,2551,MARKET,BUY,100-305,1000000,1000000
1608605474202,91282CBA80,2557,MARKET,BUY,100-313,1000000,1000000
1608605474203,91282CAX9,2563,MARKET,BUY,100-315,1000000,1000000
1608605474204,912810SS8,2569,MARKET,BUY,100-307,1000000,1000000
1608605474205,912810ST6,2575,MARKET,BUY,100-301,1000000,1000000
1608605474206,91282CAV3,2581,MARKET,BUY,100-293,1000000,1000000
1608605474208,91282CAY7,2587,MARKET,BUY,100-285,1000000,1000000
1608605474209,91282CAZ4,2593,MARKET,BUY,100-277,1000000,1000000
1608605474210,91282CBA80,2599,MARKET,BUY,100-271,1000000,1000000
1608605474211,91282CAX9,2605,MARKET,BUY,100-263,1000000,1000000
1608605474212,912810SS8,2611,MARKET,BUY,100-255,1000000,1000000
1608605474213,912810ST6,2617,MARKET,BUY,100-247,1000000,1000000
1608605474214,91282CAV3,2623,MARKET,BUY,100-241,1000000,1000000
1608605474215,91282CAY7,2629,MARKET,BUY,100-233,1000000,1000000
1608605474215,91282CAZ4,2635,MARKET,BUY,100-225,1000000,1000000
1608605474216,91282CBA80,2641,MARKET,BUY,100-217,1000000,1000000
1608605474217,91282CAX9,2647,MARKET,BUY,100-211,1000000,1000000
1608605474218,912810SS8,2653,MARKET,BUY,100-203,1000000,1000000
1608605474219,912810ST6,2659,MARKET,BUY,100-195,1000000,1000000
1608605474222,91282CAV3,2665,MARKET,BUY,100-187,1000000,1000000
1608605474224,91282CAY7,2671,MARKET,BUY,100-181,1000000,1000000
1608605474225,91282CAZ4,2677,MARKET,BUY,100-173,1000000,1000000
1608605474226,91282CBA80,2683,MARKET,BUY,100-165,1000000,1000000
1608605474226,91282CAX9,2689,MARKET,BUY,100-157,1000000,1000000
1608605474227,912810SS8,2695,MARKET,BUY,100-151,1000000,1000000
1608605474228,912810ST6,2701,MARKET,BUY,100-143,1000000,1000000
1608605474228,91282CAV3,2707,MARKET,BUY,100-135,1000000,1000000
1608605474229,91282CAY7,2713,MARKET,BUY,100-127,1000000,1000000
1608605474230,91282CAZ4,2719,MARKET,BUY,100-121,1000000,1000000
1608605474230,91282CBA80,2725,MARKET,BUY,100-113,1000000,1000000
1608605474231,91282CAX9,2731,MARKET,BUY,100-105,1000000,1000000
1608605474232,912810SS8,2737,MARKET,BUY,100-097,1000000,1000000
1608605474233,912810ST6,2743,MARKET,BUY,100-091,1000000,1000000
1608605474233,91282CAV3,2749,MARKET,BUY,100-083,1000000,1000000
1608605474234,91282CAY7,2755,MARKET,BUY,100-075,1000000,1000000
1608605474235,91282CAZ4,2761,MARKET,BUY,100-067,1000000,1000000
1608605474236,91282CBA80,2767,MARKET,BUY,100-061,1000000,1000000
1608605474237,91282CAX9,2773,MARKET,BUY,100-053,1000000,1000000
1608605474237,912810SS8,2779,MARKET,BUY,100-045,1000000,1000000
1608605474238,912810ST6,2785,MARKET,BUY,100-037,1000000,1000000
1608605474238,91282CAV3,2791,MARKET,BUY,100-031,1000000,1000000
1608605474239,91282CAY7,2797,MARKET,BUY,100-023,1000000,1000000
1608605474239,91282CAZ4,2803,MARKET,BUY,100-015,1000000,1000000
1608605474240,91282CBA80,2809,MARKET,BUY,100-007,1000000,1000000
1608605474240,91282CAX9,2815,MARKET,BUY,100-001,1000000,1000000
1608605474240,912810SS8,2821,MARKET,BUY,99-313,1000000,1000000
1608605474241,912810ST6,2827,MARKET,BUY,99-305,1000000,1000000
1608605474241,91282CAV3,2833,MARKET,BUY,99-297,1000000,1000000
1608605474242,91282CAY7,2839,MARKET,BUY,99-291,1000000,1000000
1608605474242,91282CAZ4,2845,MARKET,BUY,99-283,1000000,1000000
1608605474242,91282CBA80,2851,MARKET,BUY,99-275,1000000,1000000
1608605474243,91282CAX9,2857,MARKET,BUY,99-267,1000000,1000000
1608605474243,912810SS8,2863,MARKET,BUY,99-261,1000000,1000000
1608605474244,912810ST6,2869,MARKET,BUY,99-253,1000000,1000000
1608605474244,91282CAV3,2875,MARKET,BUY,99-245,1000000,1000000
1608605474245,91282CAY7,2881,MARKET,BUY,99-237,1000000,1000000
1608605474245,91282CAZ4,2887,MARKET,BUY,99-231,1000000,1000000
1608605474245,91282CBA80,2893,MARKET,BUY,99-223,1000000,1000000
1608605474246,91282CAX9,2899,MARKET,BUY,99-215,1000000,1000000
1608605474246,912810SS8,2905,MARKET,BUY,99-207,1000000,1000000
1608605474246,912810ST6,2911,MARKET,BUY,99-201,1000000,1000000
1608605474247,91282CAV3,2917,MARKET,BUY,99-193,1000000,1000000
1608605474247,91282CAY7,2923,MARKET,BUY,99-185,1000000,1000000
1608605474248,91282CAZ4,2929,MARKET,BUY,99-177,1000000,1000000
1608605474248,91282CBA80,2935,MARKET,BUY,99-171,1000000,1000000
1608605474248,91282CAX9,2941,MARKET,BUY,99-163,1000000,1000000
1608605474249,912810SS8,2947,MARKET,BUY,99-155,1000000,1000000
1608605474249,912810ST6,2953,MARKET,BUY,99-147,1000000,1000000
1608605474250,91282CAV3,2959,MARKET,BUY,99-141,1000000,1000000
1608605474250,91282CAY7,2965,MARKET,BUY,99-133,1000000,1000000
1608605474250,91282CAZ4,2971,MARKET,BUY,99-125,1000000,1000000
1608605474251,91282CBA80,2977,MARKET,BUY,99-117,1000000,1000000
1608605474251,91282CAX9,2983,MARKET,BUY,99-111,1000000,1000000
1608605474252,912810SS8,2989,MARKET,BUY,99-103,1000000,1000000
1608605474252,912810ST6,2995,MARKET,BUY,99-095,1000000,1000000
1608605474253,91282CAV3,3001,MARKET,BUY,99-087,1000000,1000000
1608605474253,91282CAY7,3007,MARKET,BUY,99-081,1000000,1000000
1608605474253,91282CAZ4,3013,MARKET,BUY,99-073,1000000,1000000
1608605474254,91282CBA80,3019,MARKET,BUY,99-065,1000000,1000000
1608605474254,91282CAX9,3025,MARKET,BUY,99-057,1000000,1000000
1608605474255,912810SS8,3031,MARKET,BUY,99-051,1000000,1000000
1608605474255,912810ST6,3037,MARKET,BUY,99-043,1000000,1000000
1608605474256,91282CAV3,3043,MARKET,BUY,99-035,1000000,1000000
1608605474256,91282CAY7,3049,MARKET,BUY,99-027,1000000,1000000
1608605474256,91282CAZ4,3055,MARKET,BUY,99-021,1000000,1000000
1608605474257,91282CBA80,3061,MARKET,BUY,99-013,1000000,1000000
1608605474257,91282CAX9,3067,MARKET,BUY,99-005,1000000,1000000
1608605474258,912810SS8,3073,MARKET,BUY,98-317,1000000,1000000
1608605474258,912810ST6,3079,MARKET,BUY,99-005,1000000,1000000
1608605474258,91282CAV3,3085,MARKET,BUY,99-013,1000000,1000000
1608605474259,91282CAY7,3091,MARKET,BUY,99-021,1000000,1000000
1608605474259,91282CAZ4,3097,MARKET,BUY,99-027,1000000,1000000
1608605474260,91282CBA80,3103,MARKET,BUY,99-035,1000000,1000000
1608605474260,91282CAX9,3109,MARKET,BUY,99-043,1000000,1000000
1608605474261,912810SS8,3115,MARKET,BUY,99-051,1000000,1000000
1608605474261,912810ST6,3121,MARKET,BUY,99-057,1000000,1000000
1608605474261,91282CAV3,3127,MARKET,BUY,99-065,1000000,1000000
1608605474262,91282CAY7,3133,MARKET,BUY,99-073,1000000,1000000
1608605474262,91282CAZ4,3139,MARKET,BUY,99-081,1000000,1000000
1608605474263,91282CBA80,3145,MARKET,BUY,99-087,1000000,1000000
1608605474263,91282CAX9,3151,MARKET,BUY,99-095,1000000,1000000
1608605474264,912810SS8,3157,MARKET,BUY,99-103,1000000,1000000
1608605474264,912810ST6,3163,MARKET,BUY,99-111,1000000,1000000
1608605474264,91282CAV3,3169,MARKET,BUY,99-117,1000000,1000000
1608605474265,91282CAY7,3175,MARKET,BUY,99-125,1000000,1000000
1608605474265,91282CAZ4,3181,MARKET,BUY,99-133,1000000,1000000
1608605474266,91282CBA80,3187,MARKET,BUY,99-141,1000000,1000000
1608605474266,91282CAX9,3193,MARKET,BUY,99-147,1000000,1000000
1608605474267,912810SS8,3199,MARKET,BUY,99-155,1000000,1000000
1608605474267,912810ST6,3205,MARKET,BUY,99-163,1000000,1000000
1608605474267,91282CAV3,3211,MARKET,BUY,99-171,1000000,1000000
1608605474268,91282CAY7,3217,MARKET,BUY,99-177,1000000,1000000
1608605474268,91282CAZ4,3223,MARKET,BUY,99-185,1000000,1000000
1608605474269,91282CBA80,3229,MARKET,BUY,99-193,1000000,1000000
1608605474269,91282CAX9,3235,MARKET,BUY,99-201,1000000,1000000
1608605474269,912810SS8,3241,MARKET,BUY,99-207,1000000,1000000
1608605474270,912810ST6,3247,MARKET,BUY,99-215,1000000,1000000
1608605474270,91282CAV3,3253,MARKET,BUY,99-223,1000000,1000000
1608605474271,91282CAY7,3259,MARKET,BUY,99-231,1000000,1000000
1608605474271,91282CAZ4,3265,MARKET,BUY,99-237,1000000,1000000
1608605474272,91282CBA80,3271,MARKET,BUY,99-245,1000000,1000000
1608605474272,91282CAX9,3277,MARKET,BUY,99-253,1000000,1000000
1608605474273,912810SS8,3283,MARKET,BUY,99-261,1000000,1000000
1608605474274,912810ST6,3289,MARKET,BUY,99-267,1000000,1000000
1608605474274,91282CAV3,3295,MARKET,BUY,99-275,1000000,1000000
1608605474275,91282CAY7,3301,MARKET,BUY,99-283,1000000,1000000
1608605474275,91282CAZ4,3307,MARKET,BUY,99-291,1000000,1000000
1608605474276,91282CBA80,3313,MARKET,BUY,99-297,1000000,1000000
1608605474276,91282CAX9,3319,MARKET,BUY,99-305,1000000,1000000
1608605474276,912810SS8,3325,MARKET,BUY,99-313,1000000,1000000
1608605474277,912810ST6,3331,MARKET,BUY,100-001,1000000,1000000
1608605474277,91282CAV3,3337,MARKET,BUY,100-007,1000000,1000000
1608605474278,91282CAY7,3343,MARKET,BUY,100-015,1000000,1000000
1608605474278,91282CAZ4,3349,MARKET,BUY,100-023,1000000,1000000
1608605474279,91282CBA80,3355,MARKET,BUY,100-031,1000000,1000000
1608605474279,91282CAX9,3361,MARKET,BUY,100-037,1000000,1000000
1608605474279,912810SS8,3367,MARKET,BUY,100-045,1000000,1000000
1608605474280,912810ST6,3373,MARKET,BUY,100-053,1000000,1000000
1608605474280,91282CAV3,3379,MARKET,BUY,100-061,1000000,1000000
1608605474281,91282CAY7,3385,MARKET,BUY,100-067,1000000,1000000
1608605474281,91282CAZ4,3391,MARKET,BUY,100-075,1000000,1000000
1608605474282,91282CBA80,3397,MARKET,BUY,100-083,1000000,1000000
1608605474282,91282CAX9,3403,MARKET,BUY,100-091,1000000,1000000
1608605474282,912810SS8,3409,MARKET,BUY,100-097,1000000,1000000
1608605474283,912810ST6,3415,MARKET,BUY,100-105,1000000,1000000
1608605474283,91282CAV3,3421,MARKET,BUY,100-113,1000000,1000000
1608605474284,91282CAY7,3427,MARKET,BUY,100-121,1000000,1000000
1608605474284,91282CAZ4,3433,MARKET,BUY,100-127,1000000,1000000
1608605474285,91282CBA80,3439,MARKET,BUY,100-135,1000000,1000000
1608605474285,91282CAX9,3445,MARKET,BUY,100-143,1000000,1000000
1608605474285,912810SS8,3451,MARKET,BUY,100-151,1000000,1000000
1608605474286,912810ST6,3457,MARKET,BUY,100-157,1000000,1000000
1608605474286,91282CAV3,3463,MARKET,BUY,100-165,1000000,1000000
1608605474287,91282CAY7,3469,MARKET,BUY,100-173,1000000,1000000
1608605474287,91282CAZ4,3475,MARKET,BUY,100-181,1000000,1000000
1608605474288,91282CBA80,3481,MARKET,BUY,100-187,1000000,1000000
1608605474288,91282CAX9,3487,MARKET,BUY,100-195,1000000,1000000
1608605474289,912810SS8,3493,MARKET,BUY,100-203,1000000,1000000
1608605474289,912810ST6,3499,MARKET,BUY,100-211,1000000,1000000
1608605474290,91282CAV3,3505,MARKET,BUY,100-217,1000000,1000000
1608605474290,91282CAY7,3511,MARKET,BUY,100-225,1000000,1000000
1608605474290,91282CAZ4,3517,MARKET,BUY,100-233,1000000,1000000
1608605474291,91282CBA80,3523,MARKET,BUY,100-241,1000000,1000000
1608605474291,91282CAX9,3529,MARKET,BUY,100-247,1000000,1000000
1608605474292,912810SS8,3535,MARKET,BUY,100-255,1000000,1000000
1608605474292,912810ST6,3541,MARKET,BUY,100-263,1000000,1000000
1608605474293,91282CAV3,3547,MARKET,BUY,100-271,1000000,1000000
1608605474293,91282CAY7,3553,MARKET,BUY,100-277,1000000,1000000
1608605474293,91282CAZ4,3559,MARKET,BUY,100-285,1000000,1000000
1608605474294,91282CBA80,3565,MARKET,BUY,100-293,1000000,1000000
1608605474294,91282CAX9,3571,MARKET,BUY,100-301,1000000,1000000
1608605474295,912810SS8,3577,MARKET,BUY,100-307,1000000,1000000
1608605474295,912810ST6,3583,MARKET,BUY,100-315,1000000,1000000
1608605474296,91282CAV3,3589,MARKET,BUY,100-313,1000000,1000000
1608605474296,91282CAY7,3595,MARKET,BUY,100-305,1000000,1000000
1608605474296,91282CAZ4,3601,MARKET,BUY,100-297,1000000,1000000
1608605474297,91282CBA80,3607,MARKET,BUY,100-291,1000000,1000000
1608605474297,91282CAX9,3613,MARKET,BUY,100-283,1000000,1000000
1608605474298,912810SS8,3619,MARKET,BUY,100-275,1000000,1000000
1608605474298,912810ST6,3625,MARKET,BUY,100-267,1000000,1000000
1608605474298,91282CAV3,3631,MARKET,BUY,100-261,1000000,1000000
1608605474299,91282CAY7,3637,MARKET,BUY,100-253,1000000,1000000
1608605474299,91282CAZ4,3643,MARKET,BUY,100-245,1000000,1000000
1608605474300,91282CBA80,3649,MARKET,BUY,100-237,1000000,1000000
1608605474300,91282CAX9,3655,MARKET,BUY,100-231,1000000,1000000
1608605474300,912810SS8,3661,MARKET,BUY,100-223,1000000,1000000
1608605474301,912810ST6,3667,MARKET,BUY,100-215,1000000,1000000
1608605474301,91282CAV3,3673,MARKET,BUY,100-207,1000000,1000000
1608605474302,91282CAY7,3679,MARKET,BUY,100-201,1000000,1000000
1608605474302,91282CAZ4,3685,MARKET,BUY,100-193,1000000,1000000
1608605474303,91282CBA80,3691,MARKET,BUY,100-185,1000000,1000000
1608605474303,91282CAX9,3697,MARKET,BUY,100-177,1000000,1000000
1608605474303,912810SS8,3703,MARKET,BUY,100-171,1000000,1000000
1608605474304,912810ST6,3709,MARKET,BUY,100-163,1000000,1000000
1608605474304,91282CAV3,3715,MARKET,BUY,100-155,1000000,1000000
1608605474305,91282CAY7,3721,MARKET,BUY,100-147,1000000,1000000
1608605474305,91282CAZ4,3727,MARKET,BUY,100-141,1000000,1000000
1608605474305,91282CBA80,3733,MARKET,BUY,100-133,1000000,1000000
1608605474306,91282CAX9,3739,MARKET,BUY,100-125,1000000,1000000
1608605474306,912810SS8,3745,MARKET,BUY,100-117,1000000,1000000
1608605474307,912810ST6,3751,MARKET,BUY,100-111,1000000,1000000
1608605474307,91282CAV3,3757,MARKET,BUY,100-103,1000000,1000000
1608605474308,91282CAY7,3763,MARKET,BUY,100-095,1000000,1000000
1608605474308,91282CAZ4,3769,MARKET,BUY,100-087,1000000,1000000
1608605474308,91282CBA80,3775,MARKET,BUY,100-081,1000000,1000000
1608605474309,91282CAX9,3781,MARKET,BUY,100-073,1000000,1000000
1608605474309,912810SS8,3787,MARKET,BUY,100-065,1000000,1000000
1608605474310,912810ST6,3793,MARKET,BUY,100-057,1000000,1000000
1608605474310,91282CAV3,3799,MARKET,BUY,100-051,1000000,1000000
1608605474311,91282CAY7,3805,MARKET,BUY,100-043,1000000,1000000
1608605474311,91282CAZ4,3811,MARKET,BUY,100-035,1000000,1000000
1608605474312,91282CBA80,3817,MARKET,BUY,100-027,1000000,1000000
1608605474312,91282CAX9,3823,MARKET,BUY,100-021,1000000,1000000
1608605474313,912810SS8,3829,MARKET,BUY,100-013,1000000,1000000
1608605474313,912810ST6,3835,MARKET,BUY,100-005,1000000,1000000
1608605474313,91282CAV3,3841,MARKET,BUY,99-317,1000000,1000000
1608605474314,91282CAY7,3847,MARKET,BUY,99-311,1000000,1000000
1608605474314,91282CAZ4,3853,MARKET,BUY,99-303,1000000,1000000
1608605474315,91282CBA80,3859,MARKET,BUY,99-295,1000000,1000000
1608605474315,91282CAX9,3865,MARKET,BUY,99-287,1000000,1000000
1608605474315,912810SS8,3871,MARKET,BUY,99-281,1000000,1000000
1608605474316,912810ST6,3877,MARKET,BUY,99-273,1000000,1000000
1608605474316,91282CAV3,3883,MARKET,BUY,99-265,1000000,1000000
1608605474317,91282CAY7,3889,MARKET,BUY,99-257,1000000,1000000
1608605474317,91282CAZ4,3895,MARKET,BUY,99-251,1000000,1000000
1608605474318,91282CBA80,3901,MARKET,BUY,99-243,1000000,1000000
1608605474318,91282CAX9,3907,MARKET,BUY,99-235,1000000,1000000
1608605474319,912810SS8,3913,MARKET,BUY,99-227,1000000,1000000
1608605474319,912810ST6,3919,MARKET,BUY,99-221,1000000,1000000
1608605474320,91282CAV3,3925,MARKET,BUY,99-213,1000000,1000000
1608605474320,91282CAY7,3931,MARKET,BUY,99-205,1000000,1000000
1608605474321,91282CAZ4,3937,MARKET,BUY,99-197,1000000,1000000
1608605474322,91282CBA80,3943,MARKET,BUY,99-191,1000000,1000000
1608605474322,91282CAX9,3949,MARKET,BUY,99-183,1000000,1000000
1608605474323,912810SS8,3955,MARKET,BUY,99-175,1000000,1000000
1608605474324,912810ST6,3961,MARKET,BUY,99-167,1000000,1000000
1608605474325,91282CAV3,3967,MARKET,BUY,99-161,1000000,1000000
1608605474326,91282CAY7,3973,MARKET,BUY,99-153,1000000,1000000
1608605474327,91282CAZ4,3979,MARKET,BUY,99-145,1000000,1000000
1608605474327,91282CBA80,3985,MARKET,BUY,99-137,1000000,1000000
1608605474328,91282CAX9,3991,MARKET,BUY,99-131,1000000,1000000
1608605474329,912810SS8,3997,MARKET,BUY,99-123,1000000,1000000
1608605474329,912810ST6,4003,MARKET,BUY,99-115,1000000,1000000
1608605474330,91282CAV3,4009,MARKET,BUY,99-107,1000000,1000000
1608605474331,91282CAY7,4015,MARKET,BUY,99-101,1000000,1000000
1608605474331,91282CAZ4,4021,MARKET,BUY,99-093,1000000,1000000
1608605474332,91282CBA80,4027,MARKET,BUY,99-085,1000000,1000000
1608605474333,91282CAX9,4033,MARKET,BUY,99-077,1000000,1000000
1608605474333,912810SS8,4039,MARKET,BUY,99-071,1000000,1000000
1608605474334,912810ST6,4045,MARKET,BUY,99-063,1000000,1000000
1608605474335,91282CAV3,4051,MARKET,BUY,99-055,1000000,1000000
1608605474335,91282CAY7,4057,MARKET,BUY,99-047,1000000,1000000
1608605474336,91282CAZ4,4063,MARKET,BUY,99-041,1000000,1000000
1608605474337,91282CBA80,4069,MARKET,BUY,99-033,1000000,1000000
1608605474337,91282CAX9,4075,MARKET,BUY,99-025,1000000,1000000
1608605474338,912810SS8,4081,MARKET,BUY,99-017,1000000,1000000
1608605474339,912810ST6,4087,MARKET,BUY,99-011,1000000,1000000
1608605474340,91282CAV3,4093,MARKET,BUY,99-003,1000000,1000000
1608605474340,91282CAY7,4099,MARKET,BUY,99-001,1000000,1000000
1608605474341,91282CAZ4,4105,MARKET,BUY,99-007,1000000,1000000
1608605474342,91282CBA80,4111,MARKET,BUY,99-015,1000000,1000000
1608605474343,91282CAX9,4117,MARKET,BUY,99-023,1000000,1000000
1608605474343,912810SS8,4123,MARKET,BUY,99-031,1000000,1000000
1608605474344,912810ST6,4129,MARKET,BUY,99-037,1000000,1000000
1608605474344,91282CAV3,4135,MARKET,BUY,99-045,1000000,1000000
1608605474345,91282CAY7,4141,MARKET,BUY,99-053,1000000,1000000
1608605474345,91282CAZ4,4147,MARKET,BUY,99-061,1000000,1000000
1608605474346,91282CBA80,4153,MARKET,BUY,99-067,1000000,1000000
1608605474346,91282CAX9,4159,MARKET,BUY,99-075,1000000,1000000
1608605474347,912810SS8,4165,MARKET,BUY,99-083,1000000,1000000
1608605474347,912810ST6,4171,MARKET,BUY,99-091,1000000,1000000
1608605474348,91282CAV3,4177,MARKET,BUY,99-097,1000000,1000000
1608605474349,91282CAY7,4183,MARKET,BUY,99-105,1000000,1000000
1608605474349,91282CAZ4,4189,MARKET,BUY,99-113,1000000,1000000
1608605474349,91282CBA80,4195,MARKET,BUY,99-121,1000000,1000000
1608605474350,91282CAX9,4201,MARKET,BUY,99-127,1000000,1000000
1608605474350,912810SS8,4207,MARKET,BUY,99-135,1000000,1000000
1608605474351,912810ST6,4213,MARKET,BUY,99-143,1000000,1000000
1608605474351,91282CAV3,4219,MARKET,BUY,99-151,1000000,1000000
1608605474351,91282CAY7,4225,MARKET,BUY,99-157,1000000,1000000
1608605474352,91282CAZ4,4231,MARKET,BUY,99-165,1000000,1000000
1608605474352,91282CBA80,4237,MARKET,BUY,99-173,1000000,1000000
1608605474353,91282CAX9,4243,MARKET,BUY,99-181,1000000,1000000
1608605474353,912810SS8,4249,MARKET,BUY,99-187,1000000,1000000
1608605474354,912810ST6,4255,MARKET,BUY,99-195,1000000,1000000
1608605474354,91282CAV3,4261,MARKET,BUY,99-203,1000000,1000000
1608605474354,91282CAY7,4267,MARKET,BUY,99-211,1000000,1000000
1608605474355,91282CAZ4,4273,MARKET,BUY,99-217,1000000,1000000
1608605474355,91282CBA80,4279,MARKET,BUY,99-225,1000000,1000000
1608605474356,91282CAX9,4285,MARKET,BUY,99-233,1000000,1000000
1608605474356,912810SS8,4291,MARKET,BUY,99-241,1000000,1000000
1608605474356,912810ST6,4297,MARKET,BUY,99-247,1000000,1000000
1608605474357,91282CAV3,4303,MARKET,BUY,99-255,1000000,1000000
1608605474357,91282CAY7,4309,MARKET,BUY,99-263,1000000,1000000
1608605474358,91282CAZ4,4315,MARKET,BUY,99-271,1000000,1000000
1608605474358,91282CBA80,4321,MARKET,BUY,99-277,1000000,1000000
1608605474359,91282CAX9,4327,MARKET,BUY,99-285,1000000,1000000
1608605474359,912810SS8,4333,MARKET,BUY,99-293,1000000,1000000
1608605474359,912810ST6,4339,MARKET,BUY,99-301,1000000,1000000
1608605474360,91282CAV3,4345,MARKET,BUY,99-307,1000000,1000000
1608605474360,91282CAY7,4351,MARKET,BUY,99-315,1000000,1000000
1608605474361,91282CAZ4,4357,MARKET,BUY,100-003,1000000,1000000
1608605474361,91282CBA80,4363,MARKET,BUY,100-011,1000000,1000000
1608605474362,91282CAX9,4369,MARKET,BUY,100-017,1000000,1000000
1608605474362,912810SS8,4375,MARKET,BUY,100-025,1000000,1000000
1608605474363,912810ST6,4381,MARKET,BUY,100-033,1000000,1000000
1608605474363,91282CAV3,4387,MARKET,BUY,100-041,1000000,1000000
1608605474363,91282CAY7,4393,MARKET,BUY,100-047,1000000,1000000
1608605474364,91282CAZ4,4399,MARKET,BUY,100-055,1000000,1000000
1608605474364,91282CBA80,4405,MARKET,BUY,100-063,1000000,1000000
1608605474365,91282CAX9,4411,MARKET,BUY,100-071,1000000,1000000
1608605474365,912810SS8,4417,MARKET,BUY,100-077,1000000,1000000
1608605474365,912810ST6,4423,MARKET,BUY,100-085,1000000,1000000
1608605474366,91282CAV3,4429,MARKET,BUY,100-093,1000000,1000000
1608605474366,91282CAY7,4435,MARKET,BUY,100-101,1000000,1000000
1608605474367,91282CAZ4,4441,MARKET,BUY,100-107,1000000,1000000
1608605474367,91282CBA80,4447,MARKET,BUY,100-115,1000000,1000000
1608605474367,91282CAX9,4453,MARKET,BUY,100-123,1000000,1000000
1608605474368,912810SS8,4459,MARKET,BUY,100-131,1000000,1000000
1608605474369,912810ST6,4465,MARKET,BUY,100-137,1000000,1000000
1608605474370,91282CAV3,4471,MARKET,BUY,100-145,1000000,1000000
1608605474370,91282CAY7,4477,MARKET,BUY,100-153,1000000,1000000
1608605474371,91282CAZ4,4483,MARKET,BUY,100-161,1000000,1000000
1608605474371,91282CBA80,4489,MARKET,BUY,100-167,1000000,1000000
1608605474372,91282CAX9,4495,MARKET,BUY,100-175,1000000,1000000
1608605474372,912810SS8,4501,MARKET,BUY,100-183,1000000,1000000
1608605474373,912810ST6,4507,MARKET,BUY,100-191,1000000,1000000
1608605474374,91282CAV3,4513,MARKET,BUY,100-197,1000000,1000000
1608605474375,91282CAY7,4519,MARKET,BUY,100-205,1000000,1000000
1608605474376,91282CAZ4,4525,MARKET,BUY,100-213,1000000,1000000
1608605474377,91282CBA80,4531,MARKET,BUY,100-221,1000000,1000000
1608605474378,91282CAX9,4537,MARKET,BUY,100-227,1000000,1000000
1608605474379,912810SS8,4543,MARKET,BUY,100-235,1000000,1000000
1608605474379,912810ST6,4549,MARKET,BUY,100-243,1000000,1000000
1608605474380,91282CAV3,4555,MARKET,BUY,100-251,1000000,1000000
1608605474380,91282CAY7,4561,MARKET,BUY,100-257,1000000,1000000
1608605474381,91282CAZ4,4567,MARKET,BUY,100-265,1000000,1000000
1608605474381,91282CBA80,4573,MARKET,BUY,100-273,1000000,1000000
1608605474382,91282CAX9,4579,MARKET,BUY,100-281,1000000,1000000
1608605474382,912810SS8,4585,MARKET,BUY,100-287,1000000,1000000
1608605474383,912810ST6,4591,MARKET,BUY,100-295,1000000,1000000
1608605474383,91282CAV3,4597,MARKET,BUY,100-303,1000000,1000000
1608605474384,91282CAY7,4603,MARKET,BUY,100-311,1000000,1000000
1608605474384,91282CAZ4,4609,MARKET,BUY,100-317,1000000,1000000
1608605474384,91282CBA80,4615,MARKET,BUY,100-311,1000000,1000000
1608605474385,91282CAX9,4621,MARKET,BUY,100-303,1000000,1000000
1608605474385,912810SS8,4627,MARKET,BUY,100-295,1000000,1000000
1608605474386,912810ST6,4633,MARKET,BUY,100-287,1000000,1000000
1608605474386,91282CAV3,4639,MARKET,BUY,100-281,1000000,1000000
1608605474386,91282CAY7,4645,MARKET,BUY,100-273,1000000,1000000
1608605474387,91282CAZ4,4651,MARKET,BUY,100-265,1000000,1000000
1608605474387,91282CBA80,4657,MARKET,BUY,100-257,1000000,1000000
1608605474388,91282CAX9,4663,MARKET,BUY,100-251,1000000,1000000
1608605474388,912810SS8,4669,MARKET,BUY,100-243,1000000,1000000
1608605474389,912810ST6,4675,MARKET,BUY,100-235,1000000,1000000
1608605474389,91282CAV3,4681,MARKET,BUY,100-227,1000000,1000000
1608605474390,91282CAY7,4687,MARKET,BUY,100-221,1000000,1000000
1608605474391,91282CAZ4,4693,MARKET,BUY,100-213,1000000,1000000
1608605474392,91282CBA80,4699,MARKET,BUY,100-205,1000000,1000000
1608605474392,91282CAX9,4705,MARKET,BUY,100-197,1000000,1000000
1608605474393,912810SS8,4711,MARKET,BUY,100-191,1000000,1000000
1608605474394,912810ST6,4717,MARKET,BUY,100-183,1000000,1000000
1608605474394,91282CAV3,4723,MARKET,BUY,100-175,1000000,1000000
1608605474394,91282CAY7,4729,MARKET,BUY,100-167,1000000,1000000
1608605474395,91282CAZ4,4735,MARKET,BUY,100-161,1000000,1000000
1608605474395,91282CBA80,4741,MARKET,BUY,100-153,1000000,1000000
1608605474396,91282CAX9,4747,MARKET,BUY,100-145,1000000,1000000
1608605474396,912810SS8,4753,MARKET,BUY,100-137,1000000,1000000
1608605474396,912810ST6,4759,MARKET,BUY,100-131,1000000,1000000
1608605474397,91282CAV3,4765,MARKET,BUY,100-123,1000000,1000000
1608605474397,91282CAY7,4771,MARKET,BUY,100-115,1000000,1000000
1608605474398,91282CAZ4,4777,MARKET,BUY,100-107,1000000,1000000
1608605474398,91282CBA80,4783,MARKET,BUY,100-101,1000000,1000000
1608605474398,91282CAX9,4789,MARKET,BUY,100-093,1000000,1000000
1608605474399,912810SS8,4795,MARKET,BUY,100-085,1000000,1000000
1608605474399,912810ST6,4801,MARKET,BUY,100-077,1000000,1000000
1608605474400,91282CAV3,4807,MARKET,BUY,100-071,1000000,1000000
1608605474400,91282CAY7,4813,MARKET,BUY,100-063,1000000,1000000
1608605474400,91282CAZ4,4819,MARKET,BUY,100-055,1000000,1000000
1608605474401,91282CBA80,4825,MARKET,BUY,100-047,1000000,1000000
1608605474401,91282CAX9,4831,MARKET,BUY,100-041,1000000,1000000
1608605474402,912810SS8,4837,MARKET,BUY,100-033,1000000,1000000
1608605474402,912810ST6,4843,MARKET,BUY,100-025,1000000,1000000
1608605474403,91282CAV3,4849,MARKET,BUY,100-017,1000000,1000000
1608605474403,91282CAY7,4855,MARKET,BUY,100-011,1000000,1000000
1608605474403,91282CAZ4,4861,MARKET,BUY,100-003,1000000,1000000
1608605474404,91282CBA80,4867,MARKET,BUY,99-315,1000000,1000000
1608605474404,91282CAX9,4873,MARKET,BUY,99-307,1000000,1000000
1608605474405,912810SS8,4879,MARKET,BUY,99-301,1000000,1000000
1608605474405,912810ST6,4885,MARKET,BUY,99-293,1000000,1000000
1608605474406,91282CAV3,4891,MARKET,BUY,99-285,1000000,1000000
1608605474406,91282CAY7,4897,MARKET,BUY,99-277,1000000,1000000
1608605474407,91282CAZ4,4903,MARKET,BUY,99-271,1000000,1000000
1608605474407,91282CBA80,4909,MARKET,BUY,99-263,1000000,1000000
1608605474408,91282CAX9,4915,MARKET,BUY,99-255,1000000,1000000
1608605474409,912810SS8,4921,MARKET,BUY,99-247,1000000,1000000
1608605474409,912810ST6,4927,MARKET,BUY,99-241,1000000,1000000
1608605474410,91282CAV3,4933,MARKET,BUY,99-233,1000000,1000000
1608605474411,91282CAY7,4939,MARKET,BUY,99-225,1000000,1000000
1608605474412,91282CAZ4,4945,MARKET,BUY,99-217,1000000,1000000
1608605474412,91282CBA80,4951,MARKET,BUY,99-211,1000000,1000000
1608605474414,91282CAX9,4957,MARKET,BUY,99-203,1000000,1000000
1608605474415,912810SS8,4963,MARKET,BUY,99-195,1000000,1000000
1608605474415,912810ST6,4969,MARKET,BUY,99-187,1000000,1000000
1608605474416,91282CAV3,4975,MARKET,BUY,99-181,1000000,1000000
1608605474417,91282CAY7,4981,MARKET,BUY,99-173,1000000,1000000
1608605474417,91282CAZ4,4987,MARKET,BUY,99-165,1000000,1000000
1608605474418,91282CBA80,4993,MARKET,BUY,99-157,1000000,1000000
1608605474419,91282CAX9,4999,MARKET,BUY,99-151,1000000,1000000
1608605474420,912810SS8,5005,MARKET,BUY,99-143,1000000,1000000
1608605474420,912810ST6,5011,MARKET,BUY,99-135,1000000,1000000
1608605474421,91282CAV3,5017,MARKET,BUY,99-127,1000000,1000000
1608605474422,91282CAY7,5023,MARKET,BUY,99-121,1000000,1000000
1608605474423,91282CAZ4,5029,MARKET,BUY,99-113,1000000,1000000
1608605474424,91282CBA80,5035,MARKET,BUY,99-105,1000000,1000000
1608605474424,91282CAX9,5041,MARKET,BUY,99-097,1000000,1000000
1608605474425,912810SS8,5047,MARKET,BUY,99-091,1000000,1000000
1608605474425,912810ST6,5053,MARKET,BUY,99-083,1000000,1000000
1608605474426,91282CAV3,5059,MARKET,BUY,99-075,1000000,1000000
1608605474426,91282CAY7,5065,MARKET,BUY,99-067,1000000,1000000
1608605474427,91282CAZ4,5071,MARKET,BUY,99-061,1000000,1000000
1608605474427,91282CBA80,5077,MARKET,BUY,99-053,1000000,1000000
1608605474427,91282CAX9,5083,MARKET,BUY,99-045,1000000,1000000
1608605474428,912810SS8,5089,MARKET,BUY,99-037,1000000,1000000
1608605474428,912810ST6,5095,MARKET,BUY,99-031,1000000,1000000
1608605474429,91282CAV3,5101,MARKET,BUY,99-023,1000000,1000000
1608605474429,91282CAY7,5107,MARKET,BUY,99-015,1000000,1000000
1608605474430,91282CAZ4,5113,MARKET,BUY,99-007,1000000,1000000
1608605474430,91282CBA80,5119,MARKET,BUY,99-001,1000000,1000000
1608605474430,91282CAX9,5125,MARKET,BUY,99-003,1000000,1000000
1608605474431,912810SS8,5131,MARKET,BUY,99-011,1000000,1000000
1608605474431,912810ST6,5137,MARKET,BUY,99-017,1000000,1000000
1608605474432,91282CAV3,5143,MARKET,BUY,99-025,1000000,1000000
1608605474432,91282CAY7,5149,MARKET,BUY,99-033,1000000,1000000
1608605474432,91282CAZ4,5155,MARKET,BUY,99-041,1000000,1000000
1608605474433,91282CBA80,5161,MARKET,BUY,99-047,1000000,1000000
1608605474433,91282CAX9,5167,MARKET,BUY,99-055,1000000,1000000
1608605474434,912810SS8,5173,MARKET,BUY,99-063,1000000,1000000
1608605474434,912810ST6,5179,MARKET,BUY,99-071,1000000,1000000
1608605474434,91282CAV3,5185,MARKET,BUY,99-077,1000000,1000000
1608605474435,91282CAY7,5191,MARKET,BUY,99-085,1000000,1000000
1608605474435,91282CAZ4,5197,MARKET,BUY,99-093,1000000,1000000
1608605474436,91282CBA80,5203,MARKET,BUY,99-101,1000000,1000000
1608605474436,91282CAX9,5209,MARKET,BUY,99-107,1000000,1000000
1608605474436,912810SS8,5215,MARKET,BUY,99-115,1000000,1000000
1608605474437,912810ST6,5221,MARKET,BUY,99-123,1000000,1000000
1608605474437,91282CAV3,5227,MARKET,BUY,99-131,1000000,1000000
1608605474437,91282CAY7,5233,MARKET,BUY,99-137,1000000,1000000
1608605474438,91282CAZ4,5239,MARKET,BUY,99-145,1000000,1000000
1608605474438,91282CBA80,5245,MARKET,BUY,99-153,1000000,1000000
1608605474439,91282CAX9,5251,MARKET,BUY,99-161,1000000,1000000
1608605474439,912810SS8,5257,MARKET,BUY,99-167,1000000,1000000
1608605474439,912810ST6,5263,MARKET,BUY,99-175,1000000,1000000
1608605474440,91282CAV3,5269,MARKET,BUY,99-183,1000000,1000000
1608605474440,91282CAY7,5275,MARKET,BUY,99-191,1000000,1000000
1608605474441,91282CAZ4,5281,MARKET,BUY,99-197,1000000,1000000
1608605474441,91282CBA80,5287,MARKET,BUY,99-205,1000000,1000000
1608605474441,91282CAX9,5293,MARKET,BUY,99-213,1000000,1000000
1608605474442,912810SS8,5299,MARKET,BUY,99-221,1000000,1000000
1608605474442,912810ST6,5305,MARKET,BUY,99-227,1000000,1000000
1608605474443,91282CAV3,5311,MARKET,BUY,99-235,1000000,1000000
1608605474443,91282CAY7,5317,MARKET,BUY,99-243,1000000,1000000
1608605474443,91282CAZ4,5323,MARKET,BUY,99-251,1000000,1000000
1608605474444,91282CBA80,5329,MARKET,BUY,99-257,1000000,1000000
1608605474444,91282CAX9,5335,MARKET,BUY,99-265,1000000,1000000
1608605474445,912810SS8,5341,MARKET,BUY,99-273,1000000,1000000
1608605474445,912810ST6,5347,MARKET,BUY,99-281,1000000,1000000
1608605474446,91282CAV3,5353,MARKET,BUY,99-287,1000000,1000000
1608605474446,91282CAY7,5359,MARKET,BUY,99-295,1000000,1000000
1608605474446,91282CAZ4,5365,MARKET,BUY,99-303,1000000,1000000
1608605474447,91282CBA80,5371,MARKET,BUY,99-311,1000000,1000000
1608605474448,91282CAX9,5377,MARKET,BUY,99-317,1000000,1000000
1608605474448,912810SS8,5383,MARKET,BUY,100-005,1000000,1000000
1608605474448,912810ST6,5389,MARKET,BUY,100-013,1000000,1000000
1608605474449,91282CAV3,5395,MARKET,BUY,100-021,1000000,1000000
1608605474449,91282CAY7,5401,MARKET,BUY,100-027,1000000,1000000
1608605474450,91282CAZ4,5407,MARKET,BUY,100-035,1000000,1000000
1608605474450,91282CBA80,5413,MARKET,BUY,100-043,1000000,1000000
1608605474450,91282CAX9,5419,MARKET,BUY,100-051,1000000,1000000
1608605474451,912810SS8,5425,MARKET,BUY,100-057,1000000,1000000
1608605474451,912810ST6,5431,MARKET,BUY,100-065,1000000,1000000
1608605474452,91282CAV3,5437,MARKET,BUY,100-073,1000000,1000000
1608605474452,91282CAY7,5443,MARKET,BUY,100-081,1000000,1000000
1608605474453,91282CAZ4,5449,MARKET,BUY,100-087,1000000,1000000
1608605474453,91282CBA80,5455,MARKET,BUY,100-095,1000000,1000000
1608605474453,91282CAX9,5461,MARKET,BUY,100-103,1000000,1000000
1608605474454,912810SS8,5467,MARKET,BUY,100-111,1000000,1000000
1608605474454,912810ST6,5473,MARKET,BUY,100-117,1000000,1000000
1608605474455,91282CAV3,5479,MARKET,BUY,100-125,1000000,1000000
1608605474455,91282CAY7,5485,MARKET,BUY,100-133,1000000,1000000
1608605474456,91282CAZ4,5491,MARKET,BUY,100-141,1000000,1000000
1608605474457,91282CBA80,5497,MARKET,BUY,100-147,1000000,1000000
1608605474458,91282CAX9,5503,MARKET,BUY,100-155,1000000,1000000
1608605474458,912810SS8,5509,MARKET,BUY,100-163,1000000,1000000
1608605474459,912810ST6,5515,MARKET,BUY,100-171,1000000,1000000
1608605474460,91282CAV3,5521,MARKET,BUY,100-177,1000000,1000000
1608605474460,91282CAY7,5527,MARKET,BUY,100-185,1000000,1000000
1608605474461,91282CAZ4,5533,MARKET,BUY,100-193,1000000,1000000
1608605474461,91282CBA80,5539,MARKET,BUY,100-201,1000000,1000000
1608605474462,91282CAX9,5545,MARKET,BUY,100-207,1000000,1000000
1608605474462,912810SS8,5551,MARKET,BUY,100-215,1000000,1000000
1608605474462,912810ST6,5557,MARKET,BUY,100-223,1000000,1000000
1608605474463,91282CAV3,5563,MARKET,BUY,100-231,1000000,1000000
1608605474463,91282CAY7,5569,MARKET,BUY,100-237,1000000,1000000
1608605474464,91282CAZ4,5575,MARKET,BUY,100-245,1000000,1000000
1608605474464,91282CBA80,5581,MARKET,BUY,100-253,1000000,1000000
1608605474464,91282CAX9,5587,MARKET,BUY,100-261,1000000,1000000
1608605474465,912810SS8,5593,MARKET,BUY,100-267,1000000,1000000
1608605474465,912810ST6,5599,MARKET,BUY,100-275,1000000,1000000
1608605474466,91282CAV3,5605,MARKET,BUY,100-283,1000000,1000000
1608605474466,91282CAY7,5611,MARKET,BUY,100-291,1000000,1000000
1608605474466,91282CAZ4,5617,MARKET,BUY,100-297,1000000,1000000
1608605474467,91282CBA80,5623,MARKET,BUY,100-305,1000000,1000000
1608605474467,91282CAX9,5629,MARKET,BUY,100-313,1000000,1000000
1608605474468,912810SS8,5635,MARKET,BUY,100-315,1000000,1000000
1608605474469,912810ST6,5641,MARKET,BUY,100-307,1000000,1000000
1608605474469,91282CAV3,5647,MARKET,BUY,100-301,1000000,1000000
1608605474469,91282CAY7,5653,MARKET,BUY,100-293,1000000,1000000
1608605474470,91282CAZ4,5659,MARKET,BUY,100-285,1000000,1000000
1608605474470,91282CBA80,5665,MARKET,BUY,100-277,1000000,1000000
1608605474471,91282CAX9,5671,MARKET,BUY,100-271,1000000,1000000
1608605474471,912810SS8,5677,MARKET,BUY,100-263,1000000,1000000
1608605474472,912810ST6,5683,MARKET,BUY,100-255,1000000,1000000
1608605474472,91282CAV3,5689,MARKET,BUY,100-247,1000000,1000000
1608605474473,91282CAY7,5695,MARKET,BUY,100-241,1000000,1000000
1608605474473,91282CAZ4,5701,MARKET,BUY,100-233,1000000,1000000
1608605474474,91282CBA80,5707,MARKET,BUY,100-225,1000000,1000000
1608605474474,91282CAX9,5713,MARKET,BUY,100-217,1000000,1000000
1608605474474,912810SS8,5719,MARKET,BUY,100-211,1000000,1000000
1608605474475,912810ST6,5725,MARKET,BUY,100-203,1000000,1000000
1608605474475,91282CAV3,5731,MARKET,BUY,100-195,1000000,1000000
1608605474476,91282CAY7,5737,MARKET,BUY,100-187,1000000,1000000
1608605474476,91282CAZ4,5743,MARKET,BUY,100-181,1000000,1000000
1608605474477,91282CBA80,5749,MARKET,BUY,100-173,1000000,1000000
1608605474477,91282CAX9,5755,MARKET,BUY,100-165,1000000,1000000
1608605474478,912810SS8,5761,MARKET,BUY,100-157,1000000,1000000
1608605474478,912810ST6,5767,MARKET,BUY,100-151,1000000,1000000
1608605474478,91282CAV3,5773,MARKET,BUY,100-143,1000000,1000000
1608605474479,91282CAY7,5779,MARKET,BUY,100-135,1000000,1000000
1608605474479,91282CAZ4,5785,MARKET,BUY,100-127,1000000,1000000
1608605474480,91282CBA80,5791,MARKET,BUY,100-121,1000000,1000000
1608605474480,91282CAX9,5797,MARKET,BUY,100-113,1000000,1000000
1608605474481,912810SS8,5803,MARKET,BUY,100-105,1000000,1000000
1608605474481,912810ST6,5809,MARKET,BUY,100-097,1000000,1000000
1608605474481,91282CAV3,5815,MARKET,BUY,100-091,1000000,1000000
1608605474482,91282CAY7,5821,MARKET,BUY,100-083,1000000,1000000
1608605474482,91282CAZ4,5827,MARKET,BUY,100-075,1000000,1000000
1608605474483,91282CBA80,5833,MARKET,BUY,100-067,1000000,1000000
1608605474483,91282CAX9,5839,MARKET,BUY,100-061,1000000,1000000
1608605474483,912810SS8,5845,MARKET,BUY,100-053,1000000,1000000
1608605474484,912810ST6,5851,MARKET,BUY,100-045,1000000,1000000
1608605474484,91282CAV3,5857,MARKET,BUY,100-037,1000000,1000000
1608605474485,91282CAY7,5863,MARKET,BUY,100-031,1000000,1000000
1608605474485,91282CAZ4,5869,MARKET,BUY,100-023,1000000,1000000
1608605474485,91282CBA80,5875,MARKET,BUY,100-015,1000000,1000000
1608605474486,91282CAX9,5881,MARKET,BUY,100-007,1000000,1000000
1608605474486,912810SS8,5887,MARKET,BUY,100-001,1000000,1000000
1608605474487,912810ST6,5893,MARKET,BUY,99-313,1000000,1000000
1608605474487,91282CAV3,5899,MARKET,BUY,99-305,1000000,1000000
1608605474488,91282CAY7,5905,MARKET,BUY,99-297,1000000,1000000
1608605474488,91282CAZ4,5911,MARKET,BUY,99-291,1000000,1000000
1608605474489,91282CBA80,5917,MARKET,BUY,99-283,1000000,1000000
1608605474489,91282CAX9,5923,MARKET,BUY,99-275,1000000,1000000
1608605474489,912810SS8,5929,MARKET,BUY,99-267,1000000,1000000
1608605474490,912810ST6,5935,MARKET,BUY,99-261,1000000,1000000
1608605474490,91282CAV3,5941,MARKET,BUY,99-253,1000000,1000000
1608605474491,91282CAY7,5947,MARKET,BUY,99-245,1000000,1000000
1608605474491,91282CAZ4,5953,MARKET,BUY,99-237,1000000,1000000
1608605474491,91282CBA80,5959,MARKET,BUY,99-231,1000000,1000000
1608605474492,91282CAX9,5965,MARKET,BUY,99-223,1000000,1000000
1608605474492,912810SS8,5971,MARKET,BUY,99-215,1000000,1000000
1608605474493,912810ST6,5977,MARKET,BUY,99-207,1000000,1000000
1608605474493,91282CAV3,5983,MARKET,BUY,99-201,1000000,1000000
1608605474494,91282CAY7,5989,MARKET,BUY,99-193,1000000,1000000
1608605474494,91282CAZ4,5995,MARKET,BUY,99-185,1000000,1000000
1608605474495,91282CBA80,6001,MARKET,BUY,99-177,1000000,1000000
1608605474495,91282CAX9,6007,MARKET,BUY,99-171,1000000,1000000
1608605474496,912810SS8,6013,MARKET,BUY,99-163,1000000,1000000
1608605474496,912810ST6,6019,MARKET,BUY,99-155,1000000,1000000
1608605474497,91282CAV3,6025,MARKET,BUY,99-147,1000000,1000000
1608605474497,91282CAY7,6031,MARKET,BUY,99-141,1000000,1000000
1608605474498,91282CAZ4,6037,MARKET,BUY,99-133,1000000,1000000
1608605474498,91282CBA80,6043,MARKET,BUY,99-125,1000000,1000000
1608605474498,91282CAX9,6049,MARKET,BUY,99-117,1000000,1000000
1608605474499,912810SS8,6055,MARKET,BUY,99-111,1000000,1000000
1608605474499,912810ST6,6061,MARKET,BUY,99-103,1000000,1000000
1608605474500,91282CAV3,6067,MARKET,BUY,99-095,1000000,1000000
1608605474500,91282CAY7,6073,MARKET,BUY,99-087,1000000,1000000
1608605474500,91282CAZ4,6079,MARKET,BUY,99-081,1000000,1000000
1608605474501,91282CBA80,6085,MARKET,BUY,99-073,1000000,1000000
1608605474501,91282CAX9,6091,MARKET,BUY,99-065,1000000,1000000
1608605474502,912810SS8,6097,MARKET,BUY,99-057,1000000,1000000
1608605474502,912810ST6,6103,MARKET,BUY,99-051,1000000,1000000
1608605474503,91282CAV3,6109,MARKET,BUY,99-043,1000000,1000000
1608605474503,91282CAY7,6115,MARKET,BUY,99-035,1000000,1000000
1608605474504,91282CAZ4,6121,MARKET,BUY,99-027,1000000,1000000
1608605474504,91282CBA80,6127,MARKET,BUY,99-021,1000000,1000000
1608605474504,91282CAX9,6133,MARKET,BUY,99-013,1000000,1000000
1608605474505,912810SS8,6139,MARKET,BUY,99-005,1000000,1000000
1608605474506,912810ST6,6145,MARKET,BUY,98-317,1000000,1000000
1608605474506,91282CAV3,6151,MARKET,BUY,99-005,1000000,1000000
1608605474507,91282CAY7,6157,MARKET,BUY,99-013,1000000,1000000
1608605474508,91282CAZ4,6163,MARKET,BUY,99-021,1000000,1000000
1608605474509,91282CBA80,6169,MARKET,BUY,99-027,1000000,1000000
1608605474509,91282CAX9,6175,MARKET,BUY,99-035,1000000,1000000
1608605474510,912810SS8,6181,MARKET,BUY,99-043,1000000,1000000
1608605474511,912810ST6,6187,MARKET,BUY,99-051,1000000,1000000
1608605474512,91282CAV3,6193,MARKET,BUY,99-057,1000000,1000000
1608605474512,91282CAY7,6199,MARKET,BUY,99-065,1000000,1000000
1608605474513,91282CAZ4,6205,MARKET,BUY,99-073,1000000,1000000
1608605474514,91282CBA80,6211,MARKET,BUY,99-081,1000000,1000000
1608605474515,91282CAX9,6217,MARKET,BUY,99-087,1000000,1000000
1608605474515,912810SS8,6223,MARKET,BUY,99-095,1000000,1000000
1608605474516,912810ST6,6229,MARKET,BUY,99-103,1000000,1000000
1608605474517,91282CAV3,6235,MARKET,BUY,99-111,1000000,1000000
1608605474518,91282CAY7,6241,MARKET,BUY,99-117,1000000,1000000
1608605474518,91282CAZ4,6247,MARKET,BUY,99-125,1000000,1000000
1608605474519,91282CBA80,6253,MARKET,BUY,99-133,1000000,1000000
1608605474519,91282CAX9,6259,MARKET,BUY,99-141,1000000,1000000
1608605474519,912810SS8,6265,MARKET,BUY,99-147,1000000,1000000
1608605474520,912810ST6,6271,MARKET,BUY,99-155,1000000,1000000
1608605474520,91282CAV3,6277,MARKET,BUY,99-163,1000000,1000000
1608605474521,91282CAY7,6283,MARKET,BUY,99-171,1000000,1000000
1608605474521,91282CAZ4,6289,MARKET,BUY,99-177,1000000,1000000
1608605474522,91282CBA80,6295,MARKET,BUY,99-185,1000000,1000000
1608605474522,91282CAX9,6301,MARKET,BUY,99-193,1000000,1000000
1608605474523,912810SS8,6307,MARKET,BUY,99-201,1000000,1000000
1608605474523,912810ST6,6313,MARKET,BUY,99-207,1000000,1000000
1608605474523,91282CAV3,6319,MARKET,BUY,99-215,1000000,1000000
1608605474524,91282CAY7,6325,MARKET,BUY,99-223,1000000,1000000
1608605474524,91282CAZ4,6331,MARKET,BUY,99-231,1000000,1000000
1608605474525,91282CBA80,6337,MARKET,BUY,99-237,1000000,1000000
1608605474525,91282CAX9,6343,MARKET,BUY,99-245,1000000,1000000
1608605474525,912810SS8,6349,MARKET,BUY,99-253,1000000,1000000
1608605474526,912810ST6,6355,MARKET,BUY,99-261,1000000,1000000
1608605474526,91282CAV3,6361,MARKET,BUY,99-267,1000000,1000000
1608605474527,91282CAY7,6367,MARKET,BUY,99-275,1000000,1000000
1608605474527,91282CAZ4,6373,MARKET,BUY,99-283,1000000,1000000
1608605474528,91282CBA80,6379,MARKET,BUY,99-291,1000000,1000000
1608605474528,91282CAX9,6385,MARKET,BUY,99-297,1000000,1000000
1608605474528,912810SS8,6391,MARKET,BUY,99-305,1000000,1000000
1608605474529,912810ST6,6397,MARKET,BUY,99-313,1000000,1000000
1608605474529,91282CAV3,6403,MARKET,BUY,100-001,1000000,1000000
1608605474530,91282CAY7,6409,MARKET,BUY,100-007,1000000,1000000
1608605474530,91282CAZ4,6415,MARKET,BUY,100-015,1000000,1000000
1608605474530,91282CBA80,6421,MARKET,BUY,100-023,1000000,1000000
1608605474531,91282CAX9,6427,MARKET,BUY,100-031,1000000,1000000
1608605474531,912810SS8,6433,MARKET,BUY,100-037,1000000,1000000
1608605474532,912810ST6,6439,MARKET,BUY,100-045,1000000,1000000
1608605474532,91282CAV3,6445,MARKET,BUY,100-053,1000000,1000000
1608605474532,91282CAY7,6451,MARKET,BUY,100-061,1000000,1000000
1608605474533,91282CAZ4,6457,MARKET,BUY,100-067,1000000,1000000
1608605474533,91282CBA80,6463,MARKET,BUY,100-075,1000000,1000000
1608605474534,91282CAX9,6469,MARKET,BUY,100-083,1000000,1000000
1608605474534,912810SS8,6475,MARKET,BUY,100-091,1000000,1000000
1608605474535,912810ST6,6481,MARKET,BUY,100-097,1000000,1000000
1608605474535,91282CAV3,6487,MARKET,BUY,100-105,1000000,1000000
1608605474535,91282CAY7,6493,MARKET,BUY,100-113,1000000,1000000
1608605474536,91282CAZ4,6499,MARKET,BUY,100-121,1000000,1000000
1608605474536,91282CBA80,6505,MARKET,BUY,100-127,1000000,1000000
1608605474537,91282CAX9,6511,MARKET,BUY,100-135,1000000,1000000
1608605474537,912810SS8,6517,MARKET,BUY,100-143,1000000,1000000
1608605474537,912810ST6,6523,MARKET,BUY,100-151,1000000,1000000
1608605474538,91282CAV3,6529,MARKET,BUY,100-157,1000000,1000000
1608605474538,91282CAY7,6535,MARKET,BUY,100-165,1000000,1000000
1608605474539,91282CAZ4,6541,MARKET,BUY,100-173,1000000,1000000
1608605474539,91282CBA80,6547,MARKET,BUY,100-181,1000000,1000000
1608605474539,91282CAX9,6553,MARKET,BUY,100-187,1000000,1000000
1608605474540,912810SS8,6559,MARKET,BUY,100-195,1000000,1000000
1608605474540,912810ST6,6565,MARKET,BUY,100-203,1000000,1000000
1608605474541,91282CAV3,6571,MARKET,BUY,100-211,1000000,1000000
1608605474541,91282CAY7,6577,MARKET,BUY,100-217,1000000,1000000
1608605474541,91282CAZ4,6583,MARKET,BUY,100-225,1000000,1000000
1608605474542,91282CBA80,6589,MARKET,BUY,100-233,1000000,1000000
1608605474542,91282CAX9,6595,MARKET,BUY,100-241,1000000,1000000
1608605474543,912810SS8,6601,MARKET,BUY,100-247,1000000,1000000
1608605474543,912810ST6,6607,MARKET,BUY,100-255,1000000,1000000
1608605474544,91282CAV3,6613,MARKET,BUY,100-263,1000000,1000000
1608605474544,91282CAY7,6619,MARKET,BUY,100-271,1000000,1000000
1608605474545,91282CAZ4,6625,MARKET,BUY,100-277,1000000,1000000
1608605474545,91282CBA80,6631,MARKET,BUY,100-285,1000000,1000000
1608605474546,91282CAX9,6637,MARKET,BUY,100-293,1000000,1000000
1608605474546,912810SS8,6643,MARKET,BUY,100-301,1000000,1000000
1608605474546,912810ST6,6649,MARKET,BUY,100-307,1000000,1000000
1608605474547,91282CAV3,6655,MARKET,BUY,100-315,1000000,1000000
1608605474547,91282CAY7,6661,MARKET,BUY,100-313,1000000,1000000
1608605474548,91282CAZ4,6667,MARKET,BUY,100-305,1000000,1000000
1608605474548,91282CBA80,6673,MARKET,BUY,100-297,1000000,1000000
1608605474548,91282CAX9,6679,MARKET,BUY,100-291,1000000,1000000
1608605474549,912810SS8,6685,MARKET,BUY,100-283,1000000,1000000
1608605474549,912810ST6,6691,MARKET,BUY,100-275,1000000,1000000
1608605474550,91282CAV3,6697,MARKET,BUY,100-267,1000000,1000000
1608605474550,91282CAY7,6703,MARKET,BUY,100-261,1000000,1000000
1608605474551,91282CAZ4,6709,MARKET,BUY,100-253,1000000,1000000
1608605474551,91282CBA80,6715,MARKET,BUY,100-245,1000000,1000000
1608605474552,91282CAX9,6721,MARKET,BUY,100-237,1000000,1000000
1608605474552,912810SS8,6727,MARKET,BUY,100-231,1000000,1000000
1608605474552,912810ST6,6733,MARKET,BUY,100-223,1000000,1000000
1608605474553,91282CAV3,6739,MARKET,BUY,100-215,1000000,1000000
1608605474553,91282CAY7,6745,MARKET,BUY,100-207,1000000,1000000
1608605474554,91282CAZ4,6751,MARKET,BUY,100-201,1000000,1000000
1608605474554,91282CBA80,6757,MARKET,BUY,100-193,1000000,1000000
1608605474555,91282CAX9,6763,MARKET,BUY,100-185,1000000,1000000
1608605474555,912810SS8,6769,MARKET,BUY,100-177,1000000,1000000
1608605474555,912810ST6,6775,MARKET,BUY,100-171,1000000,1000000
1608605474556,91282CAV3,6781,MARKET,BUY,100-163,1000000,1000000
1608605474556,91282CAY7,6787,MARKET,BUY,100-155,1000000,1000000
1608605474557,91282CAZ4,6793,MARKET,BUY,100-147,1000000,1000000
1608605474557,91282CBA80,6799,MARKET,BUY,100-141,1000000,1000000
1608605474558,91282CAX9,6805,MARKET,BUY,100-133,1000000,1000000
1608605474558,912810SS8,6811,MARKET,BUY,100-125,1000000,1000000
1608605474558,912810ST6,6817,MARKET,BUY,100-117,1000000,1000000
1608605474559,91282CAV3,6823,MARKET,BUY,100-111,1000000,1000000
1608605474559,91282CAY7,6829,MARKET,BUY,100-103,1000000,1000000
1608605474560,91282CAZ4,6835,MARKET,BUY,100-095,1000000,1000000
1608605474560,91282CBA80,6841,MARKET,BUY,100-087,1000000,1000000
1608605474560,91282CAX9,6847,MARKET,BUY,100-081,1000000,1000000
1608605474561,912810SS8,6853,MARKET,BUY,100-073,1000000,1000000
1608605474561,912810ST6,6859,MARKET,BUY,100-065,1000000,1000000
1608605474562,91282CAV3,6865,MARKET,BUY,100-057,1000000,1000000
1608605474562,91282CAY7,6871,MARKET,BUY,100-051,1000000,1000000
1608605474563,91282CAZ4,6877,MARKET,BUY,100-043,1000000,1000000
1608605474563,91282CBA80,6883,MARKET,BUY,100-035,1000000,1000000
1608605474563,91282CAX9,6889,MARKET,BUY,100-027,1000000,1000000
1608605474564,912810SS8,6895,MARKET,BUY,100-021,1000000,1000000
1608605474564,912810ST6,6901,MARKET,BUY,100-013,1000000,1000000
1608605474565,91282CAV3,6907,MARKET,BUY,100-005,1000000,1000000
1608605474565,91282CAY7,6913,MARKET,BUY,99-317,1000000,1000000
1608605474565,91282CAZ4,6919,MARKET,BUY,99-311,1000000,1000000
1608605474566,91282CBA80,6925,MARKET,BUY,99-303,1000000,1000000
1608605474566,91282CAX9,6931,MARKET,BUY,99-295,1000000,1000000
1608605474567,912810SS8,6937,MARKET,BUY,99-287,1000000,1000000
1608605474567,912810ST6,6943,MARKET,BUY,99-281,1000000,1000000
1608605474567,91282CAV3,6949,MARKET,BUY,99-273,1000000,1000000
1608605474568,91282CAY7,6955,MARKET,BUY,99-265,1000000,1000000
1608605474568,91282CAZ4,6961,MARKET,BUY,99-257,1000000,1000000
1608605474569,91282CBA80,6967,MARKET,BUY,99-251,1000000,1000000
1608605474569,91282CAX9,6973,MARKET,BUY,99-243,1000000,1000000
1608605474570,912810SS8,6979,MARKET,BUY,99-235,1000000,1000000
1608605474570,912810ST6,6985,MARKET,BUY,99-227,1000000,1000000
1608605474570,91282CAV3,6991,MARKET,BUY,99-221,1000000,1000000
1608605474571,91282CAY7,6997,MARKET,BUY,99-213,1000000,1000000
1608605474571,91282CAZ4,7003,MARKET,BUY,99-205,1000000,1000000
1608605474572,91282CBA80,7009,MARKET,BUY,99-197,1000000,1000000
1608605474573,91282CAX9,7015,MARKET,BUY,99-191,1000000,1000000
1608605474574,912810SS8,7021,MARKET,BUY,99-183,1000000,1000000
1608605474574,912810ST6,7027,MARKET,BUY,99-175,1000000,1000000
1608605474575,91282CAV3,7033,MARKET,BUY,99-167,1000000,1000000
1608605474576,91282CAY7,7039,MARKET,BUY,99-161,1000000,1000000
1608605474576,91282CAZ4,7045,MARKET,BUY,99-153,1000000,1000000
1608605474577,91282CBA80,7051,MARKET,BUY,99-145,1000000,1000000
1608605474578,91282CAX9,7057,MARKET,BUY,99-137,1000000,1000000
1608605474579,912810SS8,7063,MARKET,BUY,99-131,1000000,1000000
1608605474579,912810ST6,7069,MARKET,BUY,99-123,1000000,1000000
1608605474580,91282CAV3,7075,MARKET,BUY,99-115,1000000,1000000
1608605474580,91282CAY7,7081,MARKET,BUY,99-107,1000000,1000000
1608605474581,91282CAZ4,7087,MARKET,BUY,99-101,1000000,1000000
1608605474582,91282CBA80,7093,MARKET,BUY,99-093,1000000,1000000
1608605474583,91282CAX9,7099,MARKET,BUY,99-085,1000000,1000000
1608605474584,912810SS8,7105,MARKET,BUY,99-077,1000000,1000000
1608605474584,912810ST6,7111,MARKET,BUY,99-071,1000000,1000000
1608605474585,91282CAV3,7117,MARKET,BUY,99-063,1000000,1000000
1608605474585,91282CAY7,7123,MARKET,BUY,99-055,1000000,1000000
1608605474586,91282CAZ4,7129,MARKET,BUY,99-047,1000000,1000000
1608605474586,91282CBA80,7135,MARKET,BUY,99-041,1000000,1000000
1608605474587,91282CAX9,7141,MARKET,BUY,99-033,1000000,1000000
1608605474587,912810SS8,7147,MARKET,BUY,99-025,1000000,1000000
1608605474588,912810ST6,7153,MARKET,BUY,99-017,1000000,1000000
1608605474589,91282CAV3,7159,MARKET,BUY,99-011,1000000,1000000
1608605474589,91282CAY7,7165,MARKET,BUY,99-003,1000000,1000000
1608605474590,91282CAZ4,7171,MARKET,BUY,99-001,1000000,1000000
1608605474591,91282CBA80,7177,MARKET,BUY,99-007,1000000,1000000
1608605474591,91282CAX9,7183,MARKET,BUY,99-015,1000000,1000000
1608605474592,912810SS8,7189,MARKET,BUY,99-023,1000000,1000000
1608605474593,912810ST6,7195,MARKET,BUY,99-031,1000000,1000000
1608605474593,91282CAV3,7201,MARKET,BUY,99-037,1000000,1000000
1608605474594,91282CAY7,7207,MARKET,BUY,99-045,1000000,1000000
1608605474595,91282CAZ4,7213,MARKET,BUY,99-053,1000000,1000000
1608605474596,91282CBA80,7219,MARKET,BUY,99-061,1000000,1000000
1608605474596,91282CAX9,7225,MARKET,BUY,99-067,1000000,1000000
1608605474597,912810SS8,7231,MARKET,BUY,99-075,1000000,1000000
1608605474598,912810ST6,7237,MARKET,BUY,99-083,1000000,1000000
1608605474599,91282CAV3,7243,MARKET,BUY,99-091,1000000,1000000
1608605474599,91282CAY7,7249,MARKET,BUY,99-097,1000000,1000000
1608605474600,91282CAZ4,7255,MARKET,BUY,99-105,1000000,1000000
1608605474601,91282CBA80,7261,MARKET,BUY,99-113,1000000,1000000
1608605474602,91282CAX9,7267,MARKET,BUY,99-121,1000000,1000000
1608605474602,912810SS8,7273,MARKET,BUY,99-127,1000000,1000000
1608605474603,912810ST6,7279,MARKET,BUY,99-135,1000000,1000000
1608605474604,91282CAV3,7285,MARKET,BUY,99-143,1000000,1000000
1608605474605,91282CAY7,7291,MARKET,BUY,99-151,1000000,1000000
1608605474606,91282CAZ4,7297,MARKET,BUY,99-157,1000000,1000000
1608605474606,91282CBA80,7303,MARKET,BUY,99-165,1000000,1000000
1608605474607,91282CAX9,7309,MARKET,BUY,99-173,1000000,1000000
1608605474608,912810SS8,7315,MARKET,BUY,99-181,1000000,1000000
1608605474609,912810ST6,7321,MARKET,BUY,99-187,1000000,1000000
1608605474610,91282CAV3,7327,MARKET,BUY,99-195,1000000,1000000
1608605474611,91282CAY7,7333,MARKET,BUY,99-203,1000000,1000000
1608605474612,91282CAZ4,7339,MARKET,BUY,99-211,1000000,1000000
1608605474612,91282CBA80,7345,MARKET,BUY,99-217,1000000,1000000
1608605474613,91282CAX9,7351,MARKET,BUY,99-225,1000000,1000000
1608605474613,912810SS8,7357,MARKET,BUY,99-233,1000000,1000000
1608605474614,912810ST6,7363,MARKET,BUY,99-241,1000000,1000000
1608605474615,91282CAV3,7369,MARKET,BUY,99-247,1000000,1000000
1608605474616,91282CAY7,7375,MARKET,BUY,99-255,1000000,1000000
1608605474616,91282CAZ4,7381,MARKET,BUY,99-263,1000000,1000000
1608605474617,91282CBA80,7387,MARKET,BUY,99-271,1000000,1000000
1608605474618,91282CAX9,7393,MARKET,BUY,99-277,1000000,1000000
1608605474618,912810SS8,7399,MARKET,BUY,99-285,1000000,1000000
1608605474619,912810ST6,7405,MARKET,BUY,99-293,1000000,1000000
1608605474620,91282CAV3,7411,MARKET,BUY,99-301,1000000,1000000
1608605474620,91282CAY7,7417,MARKET,BUY,99-307,1000000,1000000
1608605474621,91282CAZ4,7423,MARKET,BUY,99-315,1000000,1000000
1608605474621,91282CBA80,7429,MARKET,BUY,100-003,1000000,1000000
1608605474622,91282CAX9,7435,MARKET,BUY,100-011,1000000,1000000
1608605474623,912810SS8,7441,MARKET,BUY,100-017,1000000,1000000
1608605474623,912810ST6,7447,MARKET,BUY,100-025,1000000,1000000
1608605474624,91282CAV3,7453,MARKET,BUY,100-033,1000000,1000000
1608605474625,91282CAY7,7459,MARKET,BUY,100-041,1000000,1000000
1608605474625,91282CAZ4,7465,MARKET,BUY,100-047,1000000,1000000
1608605474626,91282CBA80,7471,MARKET,BUY,100-055,1000000,1000000
1608605474626,91282CAX9,7477,MARKET,BUY,100-063,1000000,1000000
1608605474627,912810SS8,7483,MARKET,BUY,100-071,1000000,1000000
1608605474628,912810ST6,7489,MARKET,BUY,100-077,1000000,1000000
1608605474629,91282CAV3,7495,MARKET,BUY,100-085,1000000,1000000
1608605474629,91282CAY7,7501,MARKET,BUY,100-093,1000000,1000000
1608605474630,91282CAZ4,7507,MARKET,BUY,100-101,1000000,1000000
1608605474630,91282CBA80,7513,MARKET,BUY,100-107,1000000,1000000
1608605474631,91282CAX9,7519,MARKET,BUY,100-115,1000000,1000000
1608605474631,912810SS8,7525,MARKET,BUY,100-123,1000000,1000000
1608605474632,912810ST6,7531,MARKET,BUY,100-131,1000000,1000000
1608605474633,91282CAV3,7537,MARKET,BUY,100-137,1000000,1000000
1608605474633,91282CAY7,7543,MARKET,BUY,100-145,1000000,1000000
1608605474634,91282CAZ4,7549,MARKET,BUY,100-153,1000000,1000000
1608605474634,91282CBA80,7555,MARKET,BUY,100-161,1000000,1000000
1608605474635,91282CAX9,7561,MARKET,BUY,100-167,1000000,1000000
1608605474635,912810SS8,7567,MARKET,BUY,100-175,1000000,1000000
1608605474636,912810ST6,7573,MARKET,BUY,100-183,1000000,1000000
1608605474636,91282CAV3,7579,MARKET,BUY,100-191,1000000,1000000
1608605474637,91282CAY7,7585,MARKET,BUY,100-197,1000000,1000000
1608605474637,91282CAZ4,7591,MARKET,BUY,100-205,1000000,1000000
1608605474638,91282CBA80,7597,MARKET,BUY,100-213,1000000,1000000
1608605474639,91282CAX9,7603,MARKET,BUY,100-221,1000000,1000000
1608605474640,912810SS8,7609,MARKET,BUY,100-227,1000000,1000000
1608605474640,912810ST6,7615,MARKET,BUY,100-235,1000000,1000000
1608605474641,91282CAV3,7621,MARKET,BUY,100-243,1000000,1000000
1608605474642,91282CAY7,7627,MARKET,BUY,100-251,1000000,1000000
1608605474642,91282CAZ4,7633,MARKET,BUY,100-257,1000000,1000000
1608605474643,91282CBA80,7639,MARKET,BUY,100-265,1000000,1000000
1608605474644,91282CAX9,7645,MARKET,BUY,100-273,1000000,1000000
1608605474644,912810SS8,7651,MARKET,BUY,100-281,1000000,1000000
1608605474645,912810ST6,7657,MARKET,BUY,100-287,1000000,1000000
1608605474646,91282CAV3,7663,MARKET,BUY,100-295,1000000,1000000
1608605474646,91282CAY7,7669,MARKET,BUY,100-303,1000000,1000000
1608605474647,91282CAZ4,7675,MARKET,BUY,100-311,1000000,1000000
1608605474647,91282CBA80,7681,MARKET,BUY,100-317,1000000,1000000
1608605474648,91282CAX9,7687,MARKET,BUY,100-311,1000000,1000000
1608605474649,912810SS8,7693,MARKET,BUY,100-303,1000000,1000000
1608605474650,912810ST6,7699,MARKET,BUY,100-295,1000000,1000000
1608605474650,91282CAV3,7705,MARKET,BUY,100-287,1000000,1000000
1608605474651,91282CAY7,7711,MARKET,BUY,100-281,1000000,1000000
1608605474652,91282CAZ4,7717,MARKET,BUY,100-273,1000000,1000000
1608605474652,91282CBA80,7723,MARKET,BUY,100-265,1000000,1000000
1608605474653,91282CAX9,7729,MARKET,BUY,100-257,1000000,1000000
1608605474653,912810SS8,7735,MARKET,BUY,100-251,1000000,1000000
1608605474654,912810ST6,7741,MARKET,BUY,100-243,1000000,1000000
1608605474654,91282CAV3,7747,MARKET,BUY,100-235,1000000,1000000
1608605474655,91282CAY7,7753,MARKET,BUY,100-227,1000000,1000000
1608605474655,91282CAZ4,7759,MARKET,BUY,100-221,1000000,1000000
1608605474656,91282CBA80,7765,MARKET,BUY,100-213,1000000,1000000
1608605474656,91282CAX9,7771,MARKET,BUY,100-205,1000000,1000000
1608605474657,912810SS8,7777,MARKET,BUY,100-197,1000000,1000000
1608605474657,912810ST6,7783,MARKET,BUY,100-191,1000000,1000000
1608605474658,91282CAV3,7789,MARKET,BUY,100-183,1000000,1000000
1608605474658,91282CAY7,7795,MARKET,BUY,100-175,1000000,1000000
1608605474658,91282CAZ4,7801,MARKET,BUY,100-167,1000000,1000000
1608605474659,91282CBA80,7807,MARKET,BUY,100-161,1000000,1000000
1608605474659,91282CAX9,7813,MARKET,BUY,100-153,1000000,1000000
1608605474660,912810SS8,7819,MARKET,BUY,100-145,1000000,1000000
1608605474660,912810ST6,7825,MARKET,BUY,100-137,1000000,1000000
1608605474661,91282CAV3,7831,MARKET,BUY,100-131,1000000,1000000
1608605474661,91282CAY7,7837,MARKET,BUY,100-123,1000000,1000000
1608605474661,91282CAZ4,7843,MARKET,BUY,100-115,1000000,1000000
1608605474662,91282CBA80,7849,MARKET,BUY,100-107,1000000,1000000
1608605474662,91282CAX9,7855,MARKET,BUY,100-101,1000000,1000000
1608605474663,912810SS8,7861,MARKET,BUY,100-093,1000000,1000000
1608605474663,912810ST6,7867,MARKET,BUY,100-085,1000000,1000000
1608605474663,91282CAV3,7873,MARKET,BUY,100-077,1000000,1000000
1608605474664,91282CAY7,7879,MARKET,BUY,100-071,1000000,1000000
1608605474664,91282CAZ4,7885,MARKET,BUY,100-063,1000000,1000000
1608605474665,91282CBA80,7891,MARKET,BUY,100-055,1000000,1000000
1608605474665,91282CAX9,7897,MARKET,BUY,100-047,1000000,1000000
1608605474665,912810SS8,7903,MARKET,BUY,100-041,1000000,1000000
1608605474666,912810ST6,7909,MARKET,BUY,100-033,1000000,1000000
1608605474666,91282CAV3,7915,MARKET,BUY,100-025,1000000,1000000
1608605474667,91282CAY7,7921,MARKET,BUY,100-017,1000000,1000000
1608605474667,91282CAZ4,7927,MARKET,BUY,100-011,1000000,1000000
1608605474668,91282CBA80,7933,MARKET,BUY,100-003,1000000,1000000
1608605474668,91282CAX9,7939,MARKET,BUY,99-315,1000000,1000000
1608605474668,912810SS8,7945,MARKET,BUY,99-307,1000000,1000000
1608605474669,912810ST6,7951,MARKET,BUY,99-301,1000000,1000000
1608605474669,91282CAV3,7957,MARKET,BUY,99-293,1000000,1000000
1608605474670,91282CAY7,7963,MARKET,BUY,99-285,1000000,1000000
1608605474670,91282CAZ4,7969,MARKET,BUY,99-277,1000000,1000000
1608605474670,91282CBA80,7975,MARKET,BUY,99-271,1000000,1000000
1608605474671,91282CAX9,7981,MARKET,BUY,99-263,1000000,1000000
1608605474671,912810SS8,7987,MARKET,BUY,99-255,1000000,1000000
1608605474672,912810ST6,7993,MARKET,BUY,99-247,1000000,1000000
1608605474672,91282CAV3,7999,MARKET,BUY,99-241,1000000,1000000
1608605474673,91282CAY7,8005,MARKET,BUY,99-233,1000000,1000000
1608605474673,91282CAZ4,8011,MARKET,BUY,99-225,1000000,1000000
1608605474673,91282CBA80,8017,MARKET,BUY,99-217,1000000,1000000
1608605474674,91282CAX9,8023,MARKET,BUY,99-211,1000000,1000000
1608605474674,912810SS8,8029,MARKET,BUY,99-203,1000000,1000000
1608605474675,912810ST6,8035,MARKET,BUY,99-195,1000000,1000000
1608605474675,91282CAV3,8041,MARKET,BUY,99-187,1000000,1000000
1608605474675,91282CAY7,8047,MARKET,BUY,99-181,1000000,1000000
1608605474676,91282CAZ4,8053,MARKET,BUY,99-173,1000000,1000000
1608605474676,91282CBA80,8059,MARKET,BUY,99-165,1000000,1000000
1608605474677,91282CAX9,8065,MARKET,BUY,99-157,1000000,1000000
1608605474677,912810SS8,8071,MARKET,BUY,99-151,1000000,1000000
1608605474678,912810ST6,8077,MARKET,BUY,99-143,1000000,1000000
1608605474678,91282CAV3,8083,MARKET,BUY,99-135,1000000,1000000
1608605474678,91282CAY7,8089,MARKET,BUY,99-127,1000000,1000000
1608605474679,91282CAZ4,8095,MARKET,BUY,99-121,1000000,1000000
1608605474679,91282CBA80,8101,MARKET,BUY,99-113,1000000,1000000
1608605474680,91282CAX9,8107,MARKET,BUY,99-105,1000000,1000000
1608605474680,912810SS8,8113,MARKET,BUY,99-097,1000000,1000000
1608605474681,912810ST6,8119,MARKET,BUY,99-091,1000000,1000000
1608605474681,91282CAV3,8125,MARKET,BUY,99-083,1000000,1000000
1608605474681,91282CAY7,8131,MARKET,BUY,99-075,1000000,1000000
1608605474682,91282CAZ4,8137,MARKET,BUY,99-067,1000000,1000000
1608605474682,91282CBA80,8143,MARKET,BUY,99-061,1000000,1000000
1608605474683,91282CAX9,8149,MARKET,BUY,99-053,1000000,1000000
1608605474683,912810SS8,8155,MARKET,BUY,99-045,1000000,1000000
1608605474683,912810ST6,8161,MARKET,BUY,99-037,1000000,1000000
1608605474684,91282CAV3,8167,MARKET,BUY,99-031,1000000,1000000
1608605474684,91282CAY7,8173,MARKET,BUY,99-023,1000000,1000000
1608605474685,91282CAZ4,8179,MARKET,BUY,99-015,1000000,1000000
1608605474685,91282CBA80,8185,MARKET,BUY,99-007,1000000,1000000
1608605474686,91282CAX9,8191,MARKET,BUY,99-001,1000000,1000000
1608605474686,912810SS8,8197,MARKET,BUY,99-003,1000000,1000000
1608605474686,912810ST6,8203,MARKET,BUY,99-011,1000000,1000000
1608605474687,91282CAV3,8209,MARKET,BUY,99-017,1000000,1000000
1608605474687,91282CAY7,8215,MARKET,BUY,99-025,1000000,1000000
1608605474688,91282CAZ4,8221,MARKET,BUY,99-033,1000000,1000000
1608605474688,91282CBA80,8227,MARKET,BUY,99-041,1000000,1000000
1608605474689,91282CAX9,8233,MARKET,BUY,99-047,1000000,1000000
1608605474689,912810SS8,8239,MARKET,BUY,99-055,1000000,1000000
1608605474690,912810ST6,8245,MARKET,BUY,99-063,1000000,1000000
1608605474691,91282CAV3,8251,MARKET,BUY,99-071,1000000,1000000
1608605474691,91282CAY7,8257,MARKET,BUY,99-077,1000000,1000000
1608605474692,91282CAZ4,8263,MARKET,BUY,99-085,1000000,1000000
1608605474692,91282CBA80,8269,MARKET,BUY,99-093,1000000,1000000
1608605474693,91282CAX9,8275,MARKET,BUY,99-101,1000000,1000000
1608605474693,912810SS8,8281,MARKET,BUY,99-107,1000000,1000000
1608605474694,912810ST6,8287,MARKET,BUY,99-115,1000000,1000000
1608605474694,91282CAV3,8293,MARKET,BUY,99-123,1000000,1000000
1608605474694,91282CAY7,8299,MARKET,BUY,99-131,1000000,1000000
1608605474695,91282CAZ4,8305,MARKET,BUY,99-137,1000000,1000000
1608605474695,91282CBA80,8311,MARKET,BUY,99-145,1000000,1000000
1608605474696,91282CAX9,8317,MARKET,BUY,99-153,1000000,1000000
1608605474696,912810SS8,8323,MARKET,BUY,99-161,1000000,1000000
1608605474696,912810ST6,8329,MARKET,BUY,99-167,1000000,1000000
1608605474697,91282CAV3,8335,MARKET,BUY,99-175,1000000,1000000
1608605474697,91282CAY7,8341,MARKET,BUY,99-183,1000000,1000000
1608605474698,91282CAZ4,8347,MARKET,BUY,99-191,1000000,1000000
1608605474698,91282CBA80,8353,MARKET,BUY,99-197,1000000,1000000
1608605474699,91282CAX9,8359,MARKET,BUY,99-205,1000000,1000000
1608605474699,912810SS8,8365,MARKET,BUY,99-213,1000000,1000000
1608605474699,912810ST6,8371,MARKET,BUY,99-221,1000000,1000000
1608605474700,91282CAV3,8377,MARKET,BUY,99-227,1000000,1000000
1608605474700,91282CAY7,8383,MARKET,BUY,99-235,1000000,1000000
1608605474701,91282CAZ4,8389,MARKET,BUY,99-243,1000000,1000000
1608605474701,91282CBA80,8395,MARKET,BUY,99-251,1000000,1000000
1608605474701,91282CAX9,8401,MARKET,BUY,99-257,1000000,1000000
1608605474702,912810SS8,8407,MARKET,BUY,99-265,1000000,1000000
1608605474702,912810ST6,8413,MARKET,BUY,99-273,1000000,1000000
1608605474703,91282CAV3,8419,MARKET,BUY,99-281,1000000,1000000
1608605474703,91282CAY7,8425,MARKET,BUY,99-287,1000000,1000000
1608605474703,91282CAZ4,8431,MARKET,BUY,99-295,1000000,1000000
1608605474704,91282CBA80,8437,MARKET,BUY,99-303,1000000,1000000
1608605474704,91282CAX9,8443,MARKET,BUY,99-311,1000000,1000000
1608605474705,912810SS8,8449,MARKET,BUY,99-317,1000000,1000000
1608605474705,912810ST6,8455,MARKET,BUY,100-005,1000000,1000000
1608605474706,91282CAV3,8461,MARKET,BUY,100-013,1000000,1000000
1608605474706,91282CAY7,8467,MARKET,BUY,100-021,1000000,1000000
1608605474706,91282CAZ4,8473,MARKET,BUY,100-027,1000000,1000000
1608605474707,91282CBA80,8479,MARKET,BUY,100-035,1000000,1000000
1608605474708,91282CAX9,8485,MARKET,BUY,100-043,1000000,1000000
1608605474708,912810SS8,8491,MARKET,BUY,100-051,1000000,1000000
1608605474709,912810ST6,8497,MARKET,BUY,100-057,1000000,1000000
1608605474709,91282CAV3,8503,MARKET,BUY,100-065,1000000,1000000
1608605474710,91282CAY7,8509,MARKET,BUY,100-073,1000000,1000000
1608605474710,91282CAZ4,8515,MARKET,BUY,100-081,1000000,1000000
1608605474711,91282CBA80,8521,MARKET,BUY,100-087,1000000,1000000
1608605474712,91282CAX9,8527,MARKET,BUY,100-095,1000000,1000000
1608605474713,912810SS8,8533,MARKET,BUY,100-103,1000000,1000000
1608605474714,912810ST6,8539,MARKET,BUY,100-111,1000000,1000000
1608605474715,91282CAV3,8545,MARKET,BUY,100-117,1000000,1000000
1608605474715,91282CAY7,8551,MARKET,BUY,100-125,1000000,1000000
1608605474716,91282CAZ4,8557,MARKET,BUY,100-133,1000000,1000000
1608605474717,91282CBA80,8563,MARKET,BUY,100-141,1000000,1000000
1608605474718,91282CAX9,8569,MARKET,BUY,100-147,1000000,1000000
1608605474719,912810SS8,8575,MARKET,BUY,100-155,1000000,1000000
1608605474720,912810ST6,8581,MARKET,BUY,100-163,1000000,1000000
1608605474721,91282CAV3,8587,MARKET,BUY,100-171,1000000,1000000
1608605474722,91282CAY7,8593,MARKET,BUY,100-177,1000000,1000000
1608605474722,91282CAZ4,8599,MARKET,BUY,100-185,1000000,1000000
1608605474723,91282CBA80,8605,MARKET,BUY,100-193,1000000,1000000
1608605474724,91282CAX9,8611,MARKET,BUY,100-201,1000000,1000000
1608605474725,912810SS8,8617,MARKET,BUY,100-207,1000000,1000000
1608605474725,912810ST6,8623,MARKET,BUY,100-215,1000000,1000000
1608605474726,91282CAV3,8629,MARKET,BUY,100-223,1000000,1000000
1608605474727,91282CAY7,8635,MARKET,BUY,100-231,1000000,1000000
1608605474728,91282CAZ4,8641,MARKET,BUY,100-237,1000000,1000000
1608605474728,91282CBA80,8647,MARKET,BUY,100-245,1000000,1000000
1608605474729,91282CAX9,8653,MARKET,BUY,100-253,1000000,1000000
1608605474730,912810SS8,8659,MARKET,BUY,100-261,1000000,1000000
1608605474731,912810ST6,8665,MARKET,BUY,100-267,1000000,1000000
1608605474732,91282CAV3,8671,MARKET,BUY,100-275,1000000,1000000
1608605474732,91282CAY7,8677,MARKET,BUY,100-283,1000000,1000000
1608605474733,91282CAZ4,8683,MARKET,BUY,100-291,1000000,1000000
1608605474734,91282CBA80,8689,MARKET,BUY,100-297,1000000,1000000
1608605474735,91282CAX9,8695,MARKET,BUY,100-305,1000000,1000000
1608605474736,912810SS8,8701,MARKET,BUY,100-313,1000000,1000000
1608605474736,912810ST6,8707,MARKET,BUY,100-315,1000000,1000000
1608605474737,91282CAV3,8713,MARKET,BUY,100-307,1000000,1000000
1608605474738,91282CAY7,8719,MARKET,BUY,100-301,1000000,1000000
1608605474739,91282CAZ4,8725,MARKET,BUY,100-293,1000000,1000000
1608605474740,91282CBA80,8731,MARKET,BUY,100-285,1000000,1000000
1608605474741,91282CAX9,8737,MARKET,BUY,100-277,1000000,1000000
1608605474742,912810SS8,8743,MARKET,BUY,100-271,1000000,1000000
1608605474743,912810ST6,8749,MARKET,BUY,100-263,1000000,1000000
1608605474743,91282CAV3,8755,MARKET,BUY,100-255,1000000,1000000
1608605474744,91282CAY7,8761,MARKET,BUY,100-247,1000000,1000000
1608605474745,91282CAZ4,8767,MARKET,BUY,100-241,1000000,1000000
1608605474746,91282CBA80,8773,MARKET,BUY,100-233,1000000,1000000
1608605474747,91282CAX9,8779,MARKET,BUY,100-225,1000000,1000000
1608605474748,912810SS8,8785,MARKET,BUY,100-217,1000000,1000000
1608605474748,912810ST6,8791,MARKET,BUY,100-211,1000000,1000000
1608605474749,91282CAV3,8797,MARKET,BUY,100-203,1000000,1000000
1608605474750,91282CAY7,8803,MARKET,BUY,100-195,1000000,1000000
1608605474751,91282CAZ4,8809,MARKET,BUY,100-187,1000000,1000000
1608605474752,91282CBA80,8815,MARKET,BUY,100-181,1000000,1000000
1608605474752,91282CAX9,8821,MARKET,BUY,100-173,1000000,1000000
1608605474753,912810SS8,8827,MARKET,BUY,100-165,1000000,1000000
1608605474754,912810ST6,8833,MARKET,BUY,100-157,1000000,1000000
1608605474755,91282CAV3,8839,MARKET,BUY,100-151,1000000,1000000
1608605474757,91282CAY7,8845,MARKET,BUY,100-143,1000000,1000000
1608605474758,91282CAZ4,8851,MARKET,BUY,100-135,1000000,1000000
1608605474759,91282CBA80,8857,MARKET,BUY,100-127,1000000,1000000
1608605474760,91282CAX9,8863,MARKET,BUY,100-121,1000000,1000000
1608605474762,912810SS8,8869,MARKET,BUY,100-113,1000000,1000000
1608605474763,912810ST6,8875,MARKET,BUY,100-105,1000000,1000000
1608605474763,91282CAV3,8881,MARKET,BUY,100-097,1000000,1000000
1608605474764,91282CAY7,8887,MARKET,BUY,100-091,1000000,1000000
1608605474765,91282CAZ4,8893,MARKET,BUY,100-083,1000000,1000000
1608605474766,91282CBA80,8899,MARKET,BUY,100-075,1000000,1000000
1608605474767,91282CAX9,8905,MARKET,BUY,100-067,1000000,1000000
1608605474767,912810SS8,8911,MARKET,BUY,100-061,1000000,1000000
1608605474768,912810ST6,8917,MARKET,BUY,100-053,1000000,1000000
1608605474769,91282CAV3,8923,MARKET,BUY,100-045,1000000,1000000
1608605474770,91282CAY7,8929,MARKET,BUY,100-037,1000000,1000000
1608605474771,91282CAZ4,8935,MARKET,BUY,100-031,1000000,1000000
1608605474771,91282CBA80,8941,MARKET,BUY,100-023,1000000,1000000
1608605474772,91282CAX9,8947,MARKET,BUY,100-015,1000000,1000000
1608605474773,912810SS8,8953,MARKET,BUY,100-007,1000000,1000000
1608605474774,912810ST6,8959,MARKET,BUY,100-001,1000000,1000000
1608605474774,91282CAV3,8965,MARKET,BUY,99-313,1000000,1000000
1608605474776,91282CAY7,8971,MARKET,BUY,99-305,1000000,1000000
1608605474777,91282CAZ4,8977,MARKET,BUY,99-297,1000000,1000000
1608605474778,91282CBA80,8983,MARKET,BUY,99-291,1000000,1000000
1608605474779,91282CAX9,8989,MARKET,BUY,99-283,1000000,1000000
1608605474780,912810SS8,8995,MARKET,BUY,99-275,1000000,1000000
1608605474781,912810ST6,9001,MARKET,BUY,99-267,1000000,1000000
1608605474782,91282CAV3,9007,MARKET,BUY,99-261,1000000,1000000
1608605474783,91282CAY7,9013,MARKET,BUY,99-253,1000000,1000000
1608605474783,91282CAZ4,9019,MARKET,BUY,99-245,1000000,1000000
1608605474784,91282CBA80,9025,MARKET,BUY,99-237,1000000,1000000
1608605474785,91282CAX9,9031,MARKET,BUY,99-231,1000000,1000000
1608605474786,912810SS8,9037,MARKET,BUY,99-223,1000000,1000000
1608605474787,912810ST6,9043,MARKET,BUY,99-215,1000000,1000000
1608605474788,91282CAV3,9049,MARKET,BUY,99-207,1000000,1000000
1608605474789,91282CAY7,9055,MARKET,BUY,99-201,1000000,1000000
1608605474790,91282CAZ4,9061,MARKET,BUY,99-193,1000000,1000000
1608605474792,91282CBA80,9067,MARKET,BUY,99-185,1000000,1000000
1608605474793,91282CAX9,9073,MARKET,BUY,99-177,1000000,1000000
1608605474793,912810SS8,9079,MARKET,BUY,99-171,1000000,1000000
1608605474794,912810ST6,9085,MARKET,BUY,99-163,1000000,1000000
1608605474795,91282CAV3,9091,MARKET,BUY,99-155,1000000,1000000
1608605474796,91282CAY7,9097,MARKET,BUY,99-147,1000000,1000000
1608605474796,91282CAZ4,9103,MARKET,BUY,99-141,1000000,1000000
1608605474797,91282CBA80,9109,MARKET,BUY,99-133,1000000,1000000
1608605474798,91282CAX9,9115,MARKET,BUY,99-125,1000000,1000000
1608605474799,912810SS8,9121,MARKET,BUY,99-117,1000000,1000000
1608605474799,912810ST6,9127,MARKET,BUY,99-111,1000000,1000000
1608605474800,91282CAV3,9133,MARKET,BUY,99-103,1000000,1000000
1608605474801,91282CAY7,9139,MARKET,BUY,99-095,1000000,1000000
1608605474801,91282CAZ4,9145,MARKET,BUY,99-087,1000000,1000000
1608605474802,91282CBA80,9151,MARKET,BUY,99-081,1000000,1000000
1608605474803,91282CAX9,9157,MARKET,BUY,99-073,1000000,1000000
1608605474804,912810SS8,9163,MARKET,BUY,99-065,1000000,1000000
1608605474805,912810ST6,9169,MARKET,BUY,99-057,1000000,1000000
1608605474806,91282CAV3,9175,MARKET,BUY,99-051,1000000,1000000
1608605474806,91282CAY7,9181,MARKET,BUY,99-043,1000000,1000000
1608605474807,91282CAZ4,9187,MARKET,BUY,99-035,1000000,1000000
1608605474809,91282CBA80,9193,MARKET,BUY,99-027,1000000,1000000
1608605474809,91282CAX9,9199,MARKET,BUY,99-021,1000000,1000000
1608605474810,912810SS8,9205,MARKET,BUY,99-013,1000000,1000000
1608605474811,912810ST6,9211,MARKET,BUY,99-005,1000000,1000000
1608605474812,91282CAV3,9217,MARKET,BUY,98-317,1000000,1000000
1608605474813,91282CAY7,9223,MARKET,BUY,99-005,1000000,1000000
1608605474814,91282CAZ4,9229,MARKET,BUY,99-013,1000000,1000000
1608605474814,91282CBA80,9235,MARKET,BUY,99-021,1000000,1000000
1608605474815,91282CAX9,9241,MARKET,BUY,99-027,1000000,1000000
1608605474816,912810SS8,9247,MARKET,BUY,99-035,1000000,1000000
1608605474817,912810ST6,9253,MARKET,BUY,99-043,1000000,1000000
1608605474817,91282CAV3,9259,MARKET,BUY,99-051,1000000,1000000
1608605474819,91282CAY7,9265,MARKET,BUY,99-057,1000000,1000000
1608605474819,91282CAZ4,9271,MARKET,BUY,99-065,1000000,1000000
1608605474820,91282CBA80,9277,MARKET,BUY,99-073,1000000,1000000
1608605474821,91282CAX9,9283,MARKET,BUY,99-081,1000000,1000000
1608605474822,912810SS8,9289,MARKET,BUY,99-087,1000000,1000000
1608605474823,912810ST6,9295,MARKET,BUY,99-095,1000000,1000000
1608605474823,91282CAV3,9301,MARKET,BUY,99-103,1000000,1000000
1608605474826,91282CAY7,9307,MARKET,BUY,99-111,1000000,1000000
1608605474826,91282CAZ4,9313,MARKET,BUY,99-117,1000000,1000000
1608605474827,91282CBA80,9319,MARKET,BUY,99-125,1000000,1000000
1608605474828,91282CAX9,9325,MARKET,BUY,99-133,1000000,1000000
1608605474829,912810SS8,9331,MARKET,BUY,99-141,1000000,1000000
1608605474830,912810ST6,9337,MARKET,BUY,99-147,1000000,1000000
1608605474830,91282CAV3,9343,MARKET,BUY,99-155,1000000,1000000
1608605474831,91282CAY7,9349,MARKET,BUY,99-163,1000000,1000000
1608605474832,91282CAZ4,9355,MARKET,BUY,99-171,1000000,1000000
1608605474832,91282CBA80,9361,MARKET,BUY,99-177,1000000,1000000
1608605474833,91282CAX9,9367,MARKET,BUY,99-185,1000000,1000000
1608605474834,912810SS8,9373,MARKET,BUY,99-193,1000000,1000000
1608605474835,912810ST6,9379,MARKET,BUY,99-201,1000000,1000000
1608605474835,91282CAV3,9385,MARKET,BUY,99-207,1000000,1000000
1608605474836,91282CAY7,9391,MARKET,BUY,99-215,1000000,1000000
1608605474837,91282CAZ4,9397,MARKET,BUY,99-223,1000000,1000000
1608605474837,91282CBA80,9403,MARKET,BUY,99-231,1000000,1000000
1608605474838,91282CAX9,9409,MARKET,BUY,99-237,1000000,1000000
1608605474839,912810SS8,9415,MARKET,BUY,99-245,1000000,1000000
1608605474840,912810ST6,9421,MARKET,BUY,99-253,1000000,1000000
1608605474841,91282CAV3,9427,MARKET,BUY,99-261,1000000,1000000
1608605474843,91282CAY7,9433,MARKET,BUY,99-267,1000000,1000000
1608605474844,91282CAZ4,9439,MARKET,BUY,99-275,1000000,1000000
